<?xml version="1.0" encoding="UTF-8"?>
<!DOCTYPE html PUBLIC "-//W3C//DTD XHTML 1.0 Transitional//EN"
    "http://www.w3.org/TR/xhtml1/DTD/xhtml1-transitional.dtd">
<html xmlns="http://www.w3.org/1999/xhtml" xml:lang="en" lang="en">
 <head>
  <title>
</title>
<meta http-equiv="Content-Type" content="text/html;charset=utf-8" />
  <meta name='ocr-system' content='tesseract 3.04.00' />
  <meta name='ocr-capabilities' content='ocr_page ocr_carea ocr_par ocr_line ocrx_word'/>
</head>
<body>
  <div class='ocr_page' id='page_1' title='image "./demetriizenipar00zngoog_0204.png"; bbox 0 0 2700 4672; ppageno 0'>
   <div class='ocr_carea' id='block_1_1' title="bbox 1162 223 1227 298">
    <p class='ocr_par' dir='ltr' id='par_1_1' title="bbox 1162 223 1227 298">
     <span class='ocr_line' id='line_1_1' title="bbox 1162 223 1227 298; baseline 0.046 -3"><span class='ocrx_word' id='word_1_1' title='bbox 1162 223 1227 298; x_wconf 87' lang='lat'><strong>131</strong></span> 
     </span>
    </p>
   </div>
   <div class='ocr_carea' id='block_1_2' title="bbox 119 389 1224 1472">
    <p class='ocr_par' dir='ltr' id='par_1_2' title="bbox 119 389 1224 836">
     <span class='ocr_line' id='line_1_2' title="bbox 121 389 1224 488; baseline 0.018 -27"><span class='ocrx_word' id='word_1_2' title='bbox 121 389 182 478; x_wconf 73' lang='lat' dir='ltr'><strong>cdo,</strong></span> <span class='ocrx_word' id='word_1_3' title='bbox 204 421 263 488; x_wconf 85' lang='lat' dir='ltr'><strong>pro</strong></span> <span class='ocrx_word' id='word_1_4' title='bbox 284 422 346 485; x_wconf 90' lang='lat' dir='ltr'><strong>quo</strong></span> <span class='ocrx_word' id='word_1_5' title='bbox 367 413 492 468; x_wconf 85' lang='lat' dir='ltr'><strong>veteres</strong></span> <span class='ocrx_word' id='word_1_6' title='bbox 513 393 668 486; x_wconf 73' lang='grc' dir='ltr'><strong><em>κονιορτός</em></strong></span> <span class='ocrx_word' id='word_1_7' title='bbox 690 404 848 474; x_wconf 84' lang='lat' dir='ltr'><strong>dixerunt.</strong></span> <span class='ocrx_word' id='word_1_8' title='bbox 894 407 1037 475; x_wconf 80' lang='lat' dir='ltr'>Verbum</span> <span class='ocrx_word' id='word_1_9' title='bbox 1060 411 1131 478; x_wconf 85' lang='lat' dir='ltr'><strong>hoo·</strong></span> <span class='ocrx_word' id='word_1_10' title='bbox 1143 413 1224 482; x_wconf 86' lang='lat' dir='ltr'><strong>desi·</strong></span> 
     </span>
     <span class='ocr_line' id='line_1_3' title="bbox 122 520 1224 623; baseline 0.013 -36"><span class='ocrx_word' id='word_1_11' title='bbox 122 538 216 608; x_wconf 86' lang='lat' dir='ltr'><strong>gnat:</strong></span> <span class='ocrx_word' id='word_1_12' title='bbox 240 520 411 611; x_wconf 73' lang='lat' dir='ltr'><strong>petiverem</strong></span> <span class='ocrx_word' id='word_1_13' title='bbox 440 525 570 603; x_wconf 76' lang='lat' dir='ltr'><strong>excite,</strong></span> <span class='ocrx_word' id='word_1_14' title='bbox 598 522 740 614; x_wconf 70' lang='lat' dir='ltr'><strong>petivere</strong></span> <span class='ocrx_word' id='word_1_15' title='bbox 771 549 976 620; x_wconf 79' lang='lat' dir='ltr'><strong>consperge,</strong></span> <span class='ocrx_word' id='word_1_16' title='bbox 1000 533 1151 623; x_wconf 75' lang='lat' dir='ltr'><strong>pelvem.</strong></span> <span class='ocrx_word' id='word_1_17' title='bbox 1180 573 1224 590; x_wconf 86' lang='grc'><strong>-</strong></span> 
     </span>
     <span class='ocr_line' id='line_1_4' title="bbox 120 640 1223 738; baseline 0.017 -29"><span class='ocrx_word' id='word_1_18' title='bbox 120 647 173 712; x_wconf 88' lang='lat' dir='ltr'><strong>De</strong></span> <span class='ocrx_word' id='word_1_19' title='bbox 200 648 377 736; x_wconf 72' lang='lat' dir='ltr'><strong>&#39;participio</strong></span> <span class='ocrx_word' id='word_1_20' title='bbox 410 640 641 732; x_wconf 59' lang='lat' dir='ltr'><strong>dnoncucuivoc</strong></span> <span class='ocrx_word' id='word_1_21' title='bbox 667 649 750 735; x_wconf 54' lang='lat' dir='ltr'><strong>quid⁸</strong></span> <span class='ocrx_word' id='word_1_22' title='bbox 766 653 977 738; x_wconf 80' lang='lat' dir='ltr'><strong>judicandum</strong></span> <span class='ocrx_word' id='word_1_23' title='bbox 1007 658 1051 724; x_wconf 85' lang='lat' dir='ltr'><strong>sit</strong></span> <span class='ocrx_word' id='word_1_24' title='bbox 1077 661 1147 725; x_wconf 84' lang='lat' dir='ltr'><strong>dixi</strong></span> <span class='ocrx_word' id='word_1_25' title='bbox 1180 663 1223 728; x_wconf 86' lang='lat' dir='ltr'><strong>ed</strong></span> 
     </span>
     <span class='ocr_line' id='line_1_5' title="bbox 119 768 274 836; baseline -0.013 -2"><span class='ocrx_word' id='word_1_26' title='bbox 119 791 199 834; x_wconf 85' lang='lat' dir='ltr'><strong>vers.</strong></span> <span class='ocrx_word' id='word_1_27' title='bbox 224 768 274 836; x_wconf 89' lang='grc'><strong>13.</strong></span> 
     </span>
    </p>

    <p class='ocr_par' dir='ltr' id='par_1_3' title="bbox 119 879 1222 1100">
     <span class='ocr_line' id='line_1_6' title="bbox 250 879 1222 989; baseline 0.026 -41"><span class='ocrx_word' id='word_1_28' title='bbox 250 891 292 956; x_wconf 89' lang='lat' dir='ltr'><strong>V.</strong></span> <span class='ocrx_word' id='word_1_29' title='bbox 314 889 390 958; x_wconf 81' lang='grc'><strong>341.</strong></span> <span class='ocrx_word' id='word_1_30' title='bbox 436 879 550 975; x_wconf 69' lang='grc' dir='ltr'><strong>ἔμπηξε</strong></span> <span class='ocrx_word' id='word_1_31' title='bbox 569 896 592 960; x_wconf 88' lang='grc'><strong>1.</strong></span> <span class='ocrx_word' id='word_1_32' title='bbox 615 918 643 960; x_wconf 90' lang='lat' dir='ltr'><strong>e.</strong></span> <span class='ocrx_word' id='word_1_33' title='bbox 667 887 799 976; x_wconf 73' lang='grc' dir='ltr'><strong>εὐὲπηξε.</strong></span> <span class='ocrx_word' id='word_1_34' title='bbox 843 898 1003 966; x_wconf 78' lang='lat' dir='ltr'>Praesens</span> <span class='ocrx_word' id='word_1_35' title='bbox 1023 902 1118 989; x_wconf 85' lang='lat' dir='ltr'><strong>hujus</strong></span> <span class='ocrx_word' id='word_1_36' title='bbox 1134 909 1222 973; x_wconf 89' lang='lat' dir='ltr'><strong>verbi</strong></span> 
     </span>
     <span class='ocr_line' id='line_1_7' title="bbox 119 994 1118 1100; baseline 0.003 -21"><span class='ocrx_word' id='word_1_37' title='bbox 119 1011 214 1079; x_wconf 85' lang='lat' dir='ltr'><strong>hodie</strong></span> <span class='ocrx_word' id='word_1_38' title='bbox 236 1026 287 1080; x_wconf 87' lang='lat' dir='ltr'><strong>est</strong></span> <span class='ocrx_word' id='word_1_39' title='bbox 316 1006 444 1100; x_wconf 74' lang='grc' dir='ltr'><em>ε’μπήγω</em></span> <span class='ocrx_word' id='word_1_40' title='bbox 466 1017 517 1082; x_wconf 85' lang='lat' dir='ltr'><strong>vel</strong></span> <span class='ocrx_word' id='word_1_41' title='bbox 539 1006 696 1100; x_wconf 69' lang='grc' dir='ltr'><strong>ε’μπήχυω.</strong></span> <span class='ocrx_word' id='word_1_42' title='bbox 1112 994 1118 999; x_wconf 78' lang='lat'><strong>.-</strong></span> 
     </span>
    </p>

    <p class='ocr_par' dir='ltr' id='par_1_4' title="bbox 120 1126 1220 1350">
     <span class='ocr_line' id='line_1_8' title="bbox 249 1126 1220 1229; baseline 0.004 -27"><span class='ocrx_word' id='word_1_43' title='bbox 249 1137 293 1202; x_wconf 87' lang='lat' dir='ltr'><strong>V.</strong></span> <span class='ocrx_word' id='word_1_44' title='bbox 315 1137 391 1204; x_wconf 72' lang='grc'><strong>343.</strong></span> <span class='ocrx_word' id='word_1_45' title='bbox 435 1132 527 1213; x_wconf 62' lang='lat' dir='ltr'><strong>duos?</strong></span> <span class='ocrx_word' id='word_1_46' title='bbox 543 1159 597 1202; x_wconf 73' lang='lat' dir='ltr'><strong>tou</strong></span> <span class='ocrx_word' id='word_1_47' title='bbox 618 1163 680 1229; x_wconf 86' lang='lat' dir='ltr'><strong>pro</strong></span> <span class='ocrx_word' id='word_1_48' title='bbox 700 1133 779 1203; x_wconf 80' lang='grc' dir='ltr'><strong>ὂποῢ</strong></span> <span class='ocrx_word' id='word_1_49' title='bbox 789 1126 864 1219; x_wconf 66' lang='grc' dir='ltr'><strong>ἦτον</strong></span> <span class='ocrx_word' id='word_1_50' title='bbox 884 1144 941 1210; x_wconf 88' lang='lat' dir='ltr'><strong>i.e</strong></span> <span class='ocrx_word' id='word_1_51' title='bbox 963 1128 998 1217; x_wconf 69' lang='lat' dir='ltr'><strong>de</strong></span> <span class='ocrx_word' id='word_1_52' title='bbox 1018 1130 1065 1223; x_wconf 67' lang='grc' dir='ltr'><strong>ἦν.</strong></span> <span class='ocrx_word' id='word_1_53' title='bbox 1088 1184 1131 1196; x_wconf 93' lang='lat'><em>-</em></span> <span class='ocrx_word' id='word_1_54' title='bbox 1152 1149 1220 1214; x_wconf 84' lang='lat' dir='ltr'><strong>Vo.</strong></span> 
     </span>
     <span class='ocr_line' id='line_1_9' title="bbox 120 1250 846 1350; baseline 0.003 -24"><span class='ocrx_word' id='word_1_55' title='bbox 120 1283 187 1326; x_wconf 88' lang='lat' dir='ltr'><strong>cem</strong></span> <span class='ocrx_word' id='word_1_56' title='bbox 209 1250 387 1344; x_wconf 59' lang='grc' dir='ltr'><strong><em>παλληκάρι</em></strong></span> <span class='ocrx_word' id='word_1_57' title='bbox 408 1263 568 1344; x_wconf 78' lang='lat' dir='ltr'><strong>illustravi</strong></span> <span class='ocrx_word' id='word_1_58' title='bbox 590 1285 688 1350; x_wconf 86' lang='lat' dir='ltr'><strong>supra</strong></span> <span class='ocrx_word' id='word_1_59' title='bbox 710 1284 792 1329; x_wconf 83' lang='lat' dir='ltr'><strong>vers.</strong></span> <span class='ocrx_word' id='word_1_60' title='bbox 815 1264 846 1330; x_wconf 84' lang='lat'><strong>6.</strong></span> 
     </span>
    </p>

    <p class='ocr_par' dir='ltr' id='par_1_5' title="bbox 250 1377 1220 1472">
     <span class='ocr_line' id='line_1_10' title="bbox 250 1377 1220 1472; baseline 0.012 -24"><span class='ocrx_word' id='word_1_61' title='bbox 250 1383 293 1448; x_wconf 87' lang='lat' dir='ltr'><strong>V.</strong></span> <span class='ocrx_word' id='word_1_62' title='bbox 316 1383 392 1450; x_wconf 87' lang='grc'><strong>343.</strong></span> <span class='ocrx_word' id='word_1_63' title='bbox 434 1377 580 1467; x_wconf 72' lang='grc' dir='ltr'><em>γλίγωρα</em></span> <span class='ocrx_word' id='word_1_64' title='bbox 605 1383 685 1460; x_wconf 87' lang='lat' dir='ltr'><strong>cito,</strong></span> <span class='ocrx_word' id='word_1_65' title='bbox 712 1383 877 1451; x_wconf 72' lang='lat' dir='ltr'><strong>celeriter.</strong></span> <span class='ocrx_word' id='word_1_66' title='bbox 931 1385 1044 1472; x_wconf 87' lang='lat' dir='ltr'><strong>Aeque</strong></span> <span class='ocrx_word' id='word_1_67' title='bbox 1065 1394 1220 1460; x_wconf 83' lang='lat' dir='ltr'><strong>usitatum</strong></span> 
     </span>
    </p>
   </div>
   <div class='ocr_carea' id='block_1_3' title="bbox 118 1495 1221 1599">
    <p class='ocr_par' dir='ltr' id='par_1_6' title="bbox 118 1495 1221 1599">
     <span class='ocr_line' id='line_1_11' title="bbox 118 1495 1221 1599; baseline 0.011 -29"><span class='ocrx_word' id='word_1_68' title='bbox 118 1519 167 1570; x_wconf 89' lang='lat' dir='ltr'><strong>est</strong></span> <span class='ocrx_word' id='word_1_69' title='bbox 189 1497 360 1590; x_wconf 73' lang='grc' dir='ltr'><em>ὀγλίγωρα,</em></span> <span class='ocrx_word' id='word_1_70' title='bbox 384 1508 466 1590; x_wconf 85' lang='lat' dir='ltr'><strong>quod</strong></span> <span class='ocrx_word' id='word_1_71' title='bbox 487 1529 530 1572; x_wconf 85' lang='lat' dir='ltr'><strong>ex</strong></span> <span class='ocrx_word' id='word_1_72' title='bbox 550 1498 642 1588; x_wconf 76' lang='grc' dir='ltr'>ὀλίγῃ</span> <span class='ocrx_word' id='word_1_73' title='bbox 664 1495 733 1590; x_wconf 68' lang='grc' dir='ltr'><strong>ὥρᾳ</strong></span> <span class='ocrx_word' id='word_1_74' title='bbox 759 1509 939 1590; x_wconf 78' lang='lat' dir='ltr'><strong>exstitisse,</strong></span> <span class='ocrx_word' id='word_1_75' title='bbox 966 1510 1099 1597; x_wconf 83' lang='lat' dir='ltr'><strong>planum</strong></span> <span class='ocrx_word' id='word_1_76' title='bbox 1124 1526 1221 1599; x_wconf 84' lang='lat' dir='ltr'><strong>atque</strong></span> 
     </span>
    </p>
   </div>
   <div class='ocr_carea' id='block_1_4' title="bbox 73 1623 1228 4034">
    <p class='ocr_par' dir='ltr' id='par_1_7' title="bbox 118 1623 1217 1834">
     <span class='ocr_line' id='line_1_12' title="bbox 119 1623 1217 1714; baseline 0.003 -21"><span class='ocrx_word' id='word_1_77' title='bbox 119 1631 248 1693; x_wconf 86' lang='lat' dir='ltr'><strong>evidens</strong></span> <span class='ocrx_word' id='word_1_78' title='bbox 270 1640 327 1694; x_wconf 71' lang='lat' dir='ltr'><strong>est.</strong></span> <span class='ocrx_word' id='word_1_79' title='bbox 365 1665 409 1678; x_wconf 92' lang='grc'>-</span> <span class='ocrx_word' id='word_1_80' title='bbox 448 1623 583 1709; x_wconf 78' lang='grc' dir='ltr'><strong><em>ε’κψυχῶ</em></strong></span> <span class='ocrx_word' id='word_1_81' title='bbox 610 1629 695 1693; x_wconf 90' lang='lat' dir='ltr'><strong>idem</strong></span> <span class='ocrx_word' id='word_1_82' title='bbox 722 1642 819 1695; x_wconf 86' lang='lat' dir='ltr'><strong>sonat</strong></span> <span class='ocrx_word' id='word_1_83' title='bbox 848 1633 932 1714; x_wconf 90' lang='lat' dir='ltr'><strong>quod</strong></span> <span class='ocrx_word' id='word_1_84' title='bbox 959 1629 1099 1712; x_wconf 62' lang='grc' dir='ltr'><strong>ξεψιηοῶ.</strong></span> <span class='ocrx_word' id='word_1_85' title='bbox 1142 1638 1217 1706; x_wconf 81' lang='lat' dir='ltr'><strong>Vid.</strong></span> 
     </span>
     <span class='ocr_line' id='line_1_13' title="bbox 118 1750 276 1834; baseline -0.019 -18"><span class='ocrx_word' id='word_1_86' title='bbox 118 1772 199 1816; x_wconf 85' lang='lat' dir='ltr'><strong>vers.</strong></span> <span class='ocrx_word' id='word_1_87' title='bbox 223 1750 276 1834; x_wconf 75' lang='grc'><strong>91).</strong></span> 
     </span>
    </p>

    <p class='ocr_par' dir='ltr' id='par_1_8' title="bbox 250 1863 1121 1964">
     <span class='ocr_line' id='line_1_14' title="bbox 250 1863 1121 1964; baseline 0.001 -25"><span class='ocrx_word' id='word_1_88' title='bbox 250 1872 293 1939; x_wconf 88' lang='lat' dir='ltr'><strong>V.</strong></span> <span class='ocrx_word' id='word_1_89' title='bbox 316 1871 392 1938; x_wconf 91' lang='grc'><strong>345.</strong></span> <span class='ocrx_word' id='word_1_90' title='bbox 437 1863 632 1956; x_wconf 60' lang='grc' dir='ltr'>ε’φονεῦβηκε</span> <span class='ocrx_word' id='word_1_91' title='bbox 653 1874 852 1964; x_wconf 80' lang='lat' dir='ltr'><strong>populariter</strong></span> <span class='ocrx_word' id='word_1_92' title='bbox 873 1895 933 1964; x_wconf 83' lang='lat' dir='ltr'><strong>pro</strong></span> <span class='ocrx_word' id='word_1_93' title='bbox 956 1869 1121 1957; x_wconf 60' lang='grc' dir='ltr'><strong>ε’φονεῦβη.</strong></span> 
     </span>
    </p>

    <p class='ocr_par' dir='ltr' id='par_1_9' title="bbox 73 1989 1220 2211">
     <span class='ocr_line' id='line_1_15' title="bbox 250 1989 1220 2086; baseline 0.004 -26"><span class='ocrx_word' id='word_1_94' title='bbox 250 1995 293 2065; x_wconf 87' lang='lat' dir='ltr'><strong>V.</strong></span> <span class='ocrx_word' id='word_1_95' title='bbox 314 1995 391 2063; x_wconf 94' lang='grc'><strong>346.</strong></span> <span class='ocrx_word' id='word_1_96' title='bbox 436 1989 625 2081; x_wconf 68' lang='grc' dir='ltr'><em>ἕκοντάρεψε</em></span> <span class='ocrx_word' id='word_1_97' title='bbox 663 1999 752 2083; x_wconf 86' lang='lat' dir='ltr'><strong>vulgi</strong></span> <span class='ocrx_word' id='word_1_98' title='bbox 787 2020 876 2064; x_wconf 87' lang='lat' dir='ltr'><strong>more</strong></span> <span class='ocrx_word' id='word_1_99' title='bbox 913 2018 973 2086; x_wconf 86' lang='lat' dir='ltr'><strong>pro</strong></span> <span class='ocrx_word' id='word_1_100' title='bbox 1008 1994 1220 2085; x_wconf 69' lang='lat' dir='ltr'><strong>iawwdoewe.</strong></span> 
     </span>
     <span class='ocr_line' id='line_1_16' title="bbox 73 2109 1219 2211; baseline 0.007 -28"><span class='ocrx_word' id='word_1_101' title='bbox 73 2192 76 2198; x_wconf 51' lang='grc'>,</span> <span class='ocrx_word' id='word_1_102' title='bbox 120 2119 170 2184; x_wconf 84' lang='lat' dir='ltr'><strong>ct.</strong></span> <span class='ocrx_word' id='word_1_103' title='bbox 192 2141 273 2184; x_wconf 84' lang='lat' dir='ltr'><strong>vers.</strong></span> <span class='ocrx_word' id='word_1_104' title='bbox 292 2120 364 2186; x_wconf 84' lang='grc'><strong>119.</strong></span> <span class='ocrx_word' id='word_1_105' title='bbox 387 2109 565 2202; x_wconf 76' lang='grc' dir='ltr'><strong><em>κονταρεύω</em></strong></span> <span class='ocrx_word' id='word_1_106' title='bbox 585 2120 685 2185; x_wconf 84' lang='lat' dir='ltr'><strong>valet:</strong></span> <span class='ocrx_word' id='word_1_107' title='bbox 708 2116 813 2186; x_wconf 77' lang='lat' dir='ltr'><strong>hasta</strong></span> <span class='ocrx_word' id='word_1_108' title='bbox 831 2118 998 2208; x_wconf 73' lang='lat' dir='ltr'><strong>percutio,</strong></span> <span class='ocrx_word' id='word_1_109' title='bbox 1013 2122 1134 2211; x_wconf 80' lang='lat' dir='ltr'><strong>jaculo</strong></span> <span class='ocrx_word' id='word_1_110' title='bbox 1156 2122 1219 2191; x_wconf 85' lang='lat' dir='ltr'><strong>ico.</strong></span> 
     </span>
    </p>

    <p class='ocr_par' dir='ltr' id='par_1_10' title="bbox 119 2234 1221 2696">
     <span class='ocr_line' id='line_1_17' title="bbox 251 2234 1221 2322; baseline 0.006 -17"><span class='ocrx_word' id='word_1_111' title='bbox 251 2240 295 2306; x_wconf 88' lang='lat' dir='ltr'><strong>V.</strong></span> <span class='ocrx_word' id='word_1_112' title='bbox 318 2240 394 2308; x_wconf 86' lang='grc'><strong>347.</strong></span> <span class='ocrx_word' id='word_1_113' title='bbox 438 2235 604 2322; x_wconf 66' lang='grc' dir='ltr'><strong><em>βλέποντα,</em></strong></span> <span class='ocrx_word' id='word_1_114' title='bbox 625 2240 722 2306; x_wconf 86' lang='lat' dir='ltr'><strong>hodie</strong></span> <span class='ocrx_word' id='word_1_115' title='bbox 743 2234 915 2321; x_wconf 68' lang='lat' dir='ltr'><strong>[ibe&#39;uowete</strong></span> <span class='ocrx_word' id='word_1_116' title='bbox 929 2245 951 2308; x_wconf 88' lang='grc'><strong>1.</strong></span> <span class='ocrx_word' id='word_1_117' title='bbox 967 2265 994 2308; x_wconf 88' lang='lat' dir='ltr'><strong>e.</strong></span> <span class='ocrx_word' id='word_1_118' title='bbox 1011 2237 1141 2322; x_wconf 63' lang='lat' dir='ltr'><strong>labbeum.</strong></span> <span class='ocrx_word' id='word_1_119' title='bbox 1168 2246 1221 2310; x_wconf 87' lang='lat' dir='ltr'><strong>De</strong></span> 
     </span>
     <span class='ocr_line' id='line_1_18' title="bbox 119 2361 1221 2452; baseline -0.003 -23"><span class='ocrx_word' id='word_1_120' title='bbox 119 2365 341 2430; x_wconf 79' lang='lat' dir='ltr'><strong>indeclinabili</strong></span> <span class='ocrx_word' id='word_1_121' title='bbox 369 2364 431 2428; x_wconf 92' lang='lat' dir='ltr'><strong>hoe</strong></span> <span class='ocrx_word' id='word_1_122' title='bbox 457 2365 630 2452; x_wconf 84' lang='lat' dir='ltr'><strong>participio</strong></span> <span class='ocrx_word' id='word_1_123' title='bbox 657 2361 790 2447; x_wconf 77' lang='lat' dir='ltr'><strong>linguae</strong></span> <span class='ocrx_word' id='word_1_124' title='bbox 817 2365 961 2449; x_wconf 82' lang='lat' dir='ltr'><strong>vulgaris</strong></span> <span class='ocrx_word' id='word_1_125' title='bbox 990 2366 1144 2448; x_wconf 87' lang='lat' dir='ltr'><strong>quaedam</strong></span> <span class='ocrx_word' id='word_1_126' title='bbox 1166 2388 1221 2434; x_wconf 87' lang='lat' dir='ltr'><strong>ex.</strong></span> 
     </span>
     <span class='ocr_line' id='line_1_19' title="bbox 120 2477 1220 2577; baseline 0.002 -24"><span class='ocrx_word' id='word_1_127' title='bbox 120 2490 214 2577; x_wconf 84' lang='lat' dir='ltr'><strong>posui</strong></span> <span class='ocrx_word' id='word_1_128' title='bbox 236 2490 381 2554; x_wconf 83' lang='lat' dir='ltr'><strong>advers.</strong></span> <span class='ocrx_word' id='word_1_129' title='bbox 408 2487 480 2555; x_wconf 82' lang='lat'><strong>106.</strong></span> <span class='ocrx_word' id='word_1_130' title='bbox 513 2522 558 2535; x_wconf 92' lang='lat'><em>-</em></span> <span class='ocrx_word' id='word_1_131' title='bbox 590 2477 757 2567; x_wconf 64' lang='lat' dir='ltr'><strong>betttte&#39;voe</strong></span> <span class='ocrx_word' id='word_1_132' title='bbox 778 2487 799 2550; x_wconf 87' lang='lat' dir='ltr'><strong>i·</strong></span> <span class='ocrx_word' id='word_1_133' title='bbox 822 2504 852 2570; x_wconf 82' lang='lat' dir='ltr'><strong>q.</strong></span> <span class='ocrx_word' id='word_1_134' title='bbox 876 2477 1114 2569; x_wconf 60' lang='grc' dir='ltr'><strong>ἀποδαμμένος,</strong></span> <span class='ocrx_word' id='word_1_135' title='bbox 1137 2491 1220 2572; x_wconf 90' lang='lat' dir='ltr'><strong>quod</strong></span> 
     </span>
     <span class='ocr_line' id='line_1_20' title="bbox 119 2608 454 2696; baseline -0.003 -21"><span class='ocrx_word' id='word_1_136' title='bbox 119 2608 257 2696; x_wconf 83' lang='lat' dir='ltr'><strong>legimus</strong></span> <span class='ocrx_word' id='word_1_137' title='bbox 278 2632 358 2677; x_wconf 85' lang='lat' dir='ltr'><strong>vers.</strong></span> <span class='ocrx_word' id='word_1_138' title='bbox 380 2609 454 2676; x_wconf 86' lang='grc'><strong>340.</strong></span> 
     </span>
    </p>

    <p class='ocr_par' dir='ltr' id='par_1_11' title="bbox 121 2721 1223 3310">
     <span class='ocr_line' id='line_1_21' title="bbox 252 2721 1223 2818; baseline -0.007 -20"><span class='ocrx_word' id='word_1_139' title='bbox 252 2732 295 2797; x_wconf 91' lang='lat' dir='ltr'><strong>V.</strong></span> <span class='ocrx_word' id='word_1_140' title='bbox 321 2730 397 2798; x_wconf 89' lang='grc'><strong>348.</strong></span> <span class='ocrx_word' id='word_1_141' title='bbox 441 2721 619 2808; x_wconf 48' lang='lat' dir='ltr'><strong>divulsaque</strong></span> <span class='ocrx_word' id='word_1_142' title='bbox 640 2751 682 2796; x_wconf 84' lang='lat' dir='ltr'><strong>ex</strong></span> <span class='ocrx_word' id='word_1_143' title='bbox 703 2729 792 2816; x_wconf 82' lang='lat' dir='ltr'><strong>vulgi</strong></span> <span class='ocrx_word' id='word_1_144' title='bbox 815 2729 1047 2794; x_wconf 82' lang='lat' dir='ltr'><strong>consuetudine</strong></span> <span class='ocrx_word' id='word_1_145' title='bbox 1072 2752 1131 2818; x_wconf 85' lang='lat' dir='ltr'><strong>pro</strong></span> <span class='ocrx_word' id='word_1_146' title='bbox 1154 2725 1223 2792; x_wconf 74' lang='lat' dir='ltr'><strong>lto.</strong></span> 
     </span>
     <span class='ocr_line' id='line_1_22' title="bbox 121 2846 1223 2940; baseline 0.003 -22"><span class='ocrx_word' id='word_1_147' title='bbox 121 2846 213 2933; x_wconf 54' lang='lat' dir='ltr'><strong>abac.</strong></span> <span class='ocrx_word' id='word_1_148' title='bbox 249 2891 292 2902; x_wconf 91' lang='lat'>—</span> <span class='ocrx_word' id='word_1_149' title='bbox 329 2854 484 2938; x_wconf 61' lang='grc' dir='ltr'><strong>καρτερῶ,</strong></span> <span class='ocrx_word' id='word_1_150' title='bbox 513 2859 603 2940; x_wconf 89' lang='lat' dir='ltr'><strong>cujus</strong></span> <span class='ocrx_word' id='word_1_151' title='bbox 631 2855 703 2919; x_wconf 86' lang='lat' dir='ltr'><strong>loeo</strong></span> <span class='ocrx_word' id='word_1_152' title='bbox 731 2853 921 2938; x_wconf 82' lang='lat' dir='ltr'><strong>Ducangius</strong></span> <span class='ocrx_word' id='word_1_153' title='bbox 949 2852 1042 2918; x_wconf 83' lang='lat' dir='ltr'><strong>Tom.</strong></span> <span class='ocrx_word' id='word_1_154' title='bbox 1063 2852 1081 2918; x_wconf 88' lang='lat'>1</span> <span class='ocrx_word' id='word_1_155' title='bbox 1103 2876 1132 2939; x_wconf 88' lang='lat' dir='ltr'><strong>p.</strong></span> <span class='ocrx_word' id='word_1_156' title='bbox 1157 2852 1223 2921; x_wconf 87' lang='grc'><strong>596</strong></span> 
     </span>
     <span class='ocr_line' id='line_1_23' title="bbox 122 2974 1221 3063; baseline -0.01 -19"><span class='ocrx_word' id='word_1_157' title='bbox 122 2980 273 3044; x_wconf 87' lang='lat' dir='ltr'><strong>mendose</strong></span> <span class='ocrx_word' id='word_1_158' title='bbox 295 2974 437 3060; x_wconf 71' lang='grc' dir='ltr'><strong><em>καρτηρῶ</em></strong></span> <span class='ocrx_word' id='word_1_159' title='bbox 458 2980 581 3059; x_wconf 82' lang='lat' dir='ltr'><strong>scribit,</strong></span> <span class='ocrx_word' id='word_1_160' title='bbox 604 2978 834 3043; x_wconf 83' lang='lat' dir='ltr'><strong>recentioribus</strong></span> <span class='ocrx_word' id='word_1_161' title='bbox 851 2985 901 3041; x_wconf 85' lang='lat' dir='ltr'><strong>est</strong></span> <span class='ocrx_word' id='word_1_162' title='bbox 913 2984 1087 3063; x_wconf 81' lang='lat' dir='ltr'><strong>exspecto,</strong></span> <span class='ocrx_word' id='word_1_163' title='bbox 1104 2988 1137 3039; x_wconf 91' lang='lat' dir='ltr'><strong>et</strong></span> <span class='ocrx_word' id='word_1_164' title='bbox 1152 2998 1221 3041; x_wconf 80' lang='lat' dir='ltr'><strong>sus.</strong></span> 
     </span>
     <span class='ocr_line' id='line_1_24' title="bbox 123 3088 1222 3187; baseline -0.006 -20"><span class='ocrx_word' id='word_1_165' title='bbox 123 3099 223 3167; x_wconf 82' lang='lat' dir='ltr'><strong>tineo.</strong></span> <span class='ocrx_word' id='word_1_166' title='bbox 267 3102 329 3165; x_wconf 88' lang='lat' dir='ltr'><strong>Hic</strong></span> <span class='ocrx_word' id='word_1_167' title='bbox 351 3103 558 3187; x_wconf 85' lang='lat' dir='ltr'><strong>exspectandi</strong></span> <span class='ocrx_word' id='word_1_168' title='bbox 579 3103 644 3165; x_wconf 87' lang='lat' dir='ltr'><strong>vim</strong></span> <span class='ocrx_word' id='word_1_169' title='bbox 665 3100 769 3177; x_wconf 83' lang='lat' dir='ltr'><strong>habet.</strong></span> <span class='ocrx_word' id='word_1_170' title='bbox 812 3098 917 3183; x_wconf 84' lang='lat' dir='ltr'><strong>Igitur</strong></span> <span class='ocrx_word' id='word_1_171' title='bbox 937 3101 1035 3163; x_wconf 86' lang='lat' dir='ltr'><strong>verba</strong></span> <span class='ocrx_word' id='word_1_172' title='bbox 1056 3088 1112 3159; x_wconf 70' lang='lat' dir='ltr'><strong>dlv</strong></span> <span class='ocrx_word' id='word_1_173' title='bbox 1132 3093 1222 3182; x_wconf 77' lang='grc' dir='ltr'><strong>ἕκαρ.</strong></span> 
     </span>
     <span class='ocr_line' id='line_1_25' title="bbox 123 3211 1182 3310; baseline -0.002 -26"><span class='ocrx_word' id='word_1_174' title='bbox 123 3216 200 3305; x_wconf 57' lang='grc' dir='ltr'><strong><em>φέρει</em></strong></span> <span class='ocrx_word' id='word_1_175' title='bbox 221 3216 315 3282; x_wconf 79' lang='grc' dir='ltr'>πλέον</span> <span class='ocrx_word' id='word_1_176' title='bbox 337 3225 467 3305; x_wconf 87' lang='lat' dir='ltr'><strong>antique</strong></span> <span class='ocrx_word' id='word_1_177' title='bbox 489 3225 538 3286; x_wconf 89' lang='lat' dir='ltr'><strong>sic</strong></span> <span class='ocrx_word' id='word_1_178' title='bbox 558 3223 761 3285; x_wconf 82' lang='lat' dir='ltr'><strong>enuncianda</strong></span> <span class='ocrx_word' id='word_1_179' title='bbox 782 3233 858 3286; x_wconf 88' lang='lat' dir='ltr'><strong>sunt</strong></span> <span class='ocrx_word' id='word_1_180' title='bbox 879 3212 982 3282; x_wconf 65' lang='grc' dir='ltr'><em>οὐκέτι</em></span> <span class='ocrx_word' id='word_1_181' title='bbox 1002 3211 1144 3302; x_wconf 58' lang='lat' dir='ltr'><strong>deducente.</strong></span> <span class='ocrx_word' id='word_1_182' title='bbox 1174 3294 1182 3310; x_wconf 43' lang='lat'><strong>·</strong></span> 
     </span>
    </p>

    <p class='ocr_par' dir='ltr' id='par_1_12' title="bbox 123 3333 1224 3793">
     <span class='ocr_line' id='line_1_26' title="bbox 256 3333 1224 3430; baseline 0.001 -24"><span class='ocrx_word' id='word_1_183' title='bbox 256 3342 299 3407; x_wconf 88' lang='lat' dir='ltr'><strong>V.</strong></span> <span class='ocrx_word' id='word_1_184' title='bbox 322 3343 395 3410; x_wconf 79' lang='grc'><strong>349.</strong></span> <span class='ocrx_word' id='word_1_185' title='bbox 441 3333 620 3426; x_wconf 68' lang='grc' dir='ltr'>ὄξῦβουρλᾶ</span> <span class='ocrx_word' id='word_1_186' title='bbox 636 3346 658 3408; x_wconf 91' lang='grc'><strong>1.</strong></span> <span class='ocrx_word' id='word_1_187' title='bbox 675 3366 703 3408; x_wconf 87' lang='lat' dir='ltr'><strong>e.</strong></span> <span class='ocrx_word' id='word_1_188' title='bbox 720 3334 912 3426; x_wconf 75' lang='grc' dir='ltr'><strong>ὀξύβουρλον</strong></span> <span class='ocrx_word' id='word_1_189' title='bbox 927 3345 1065 3430; x_wconf 82' lang='lat' dir='ltr'><strong>juncum</strong></span> <span class='ocrx_word' id='word_1_190' title='bbox 1087 3351 1224 3408; x_wconf 85' lang='lat' dir='ltr'><strong>acutum</strong></span> 
     </span>
     <span class='ocr_line' id='line_1_27' title="bbox 124 3455 1223 3551; baseline -0.005 -18"><span class='ocrx_word' id='word_1_191' title='bbox 124 3469 281 3551; x_wconf 75' lang='lat' dir='ltr'><strong>designat.</strong></span> <span class='ocrx_word' id='word_1_192' title='bbox 327 3467 477 3534; x_wconf 85' lang='lat' dir='ltr'><strong>Conflata</strong></span> <span class='ocrx_word' id='word_1_193' title='bbox 498 3478 549 3534; x_wconf 83' lang='lat' dir='ltr'><strong>est</strong></span> <span class='ocrx_word' id='word_1_194' title='bbox 570 3465 652 3533; x_wconf 83' lang='lat' dir='ltr'><strong>haec</strong></span> <span class='ocrx_word' id='word_1_195' title='bbox 673 3488 737 3533; x_wconf 84' lang='lat' dir='ltr'><strong>vox</strong></span> <span class='ocrx_word' id='word_1_196' title='bbox 757 3488 799 3531; x_wconf 86' lang='lat' dir='ltr'><strong>ex</strong></span> <span class='ocrx_word' id='word_1_197' title='bbox 814 3455 888 3545; x_wconf 70' lang='grc' dir='ltr'><strong>ὀξύς</strong></span> <span class='ocrx_word' id='word_1_198' title='bbox 904 3463 1092 3545; x_wconf 74' lang='grc' dir='ltr'><strong>εῐβοῦρλον,</strong></span> <span class='ocrx_word' id='word_1_199' title='bbox 1108 3465 1147 3526; x_wconf 87' lang='lat' dir='ltr'><strong>de</strong></span> <span class='ocrx_word' id='word_1_200' title='bbox 1162 3485 1223 3544; x_wconf 90' lang='lat' dir='ltr'><strong>quo</strong></span> 
     </span>
     <span class='ocr_line' id='line_1_28' title="bbox 123 3570 1224 3676; baseline -0.008 -20"><span class='ocrx_word' id='word_1_201' title='bbox 123 3592 177 3676; x_wconf 77' lang='lat' dir='ltr'><strong>egi</strong></span> <span class='ocrx_word' id='word_1_202' title='bbox 206 3591 247 3655; x_wconf 89' lang='lat' dir='ltr'><strong>ad</strong></span> <span class='ocrx_word' id='word_1_203' title='bbox 276 3609 358 3652; x_wconf 80' lang='lat' dir='ltr'><strong>vers.</strong></span> <span class='ocrx_word' id='word_1_204' title='bbox 387 3586 463 3655; x_wconf 73' lang='lat' dir='ltr'><strong>att.</strong></span> <span class='ocrx_word' id='word_1_205' title='bbox 508 3621 553 3642; x_wconf 89' lang='lat'>-</span> <span class='ocrx_word' id='word_1_206' title='bbox 595 3578 759 3669; x_wconf 68' lang='lat' dir='ltr'><strong>aoveaood’</strong></span> <span class='ocrx_word' id='word_1_207' title='bbox 787 3587 810 3651; x_wconf 92' lang='lat' dir='ltr'><strong>i.</strong></span> <span class='ocrx_word' id='word_1_208' title='bbox 833 3609 862 3651; x_wconf 87' lang='lat' dir='ltr'><strong>c.</strong></span> <span class='ocrx_word' id='word_1_209' title='bbox 890 3570 1060 3667; x_wconf 64' lang='grc' dir='ltr'><strong><em>κονναριάν</em></strong></span> <span class='ocrx_word' id='word_1_210' title='bbox 1085 3582 1224 3671; x_wconf 82' lang='lat' dir='ltr'><strong>explicui</strong></span> 
     </span>
     <span class='ocr_line' id='line_1_29' title="bbox 123 3709 377 3793; baseline -0.008 -14"><span class='ocrx_word' id='word_1_211' title='bbox 123 3733 207 3779; x_wconf 83' lang='lat' dir='ltr'><strong>vers.</strong></span> <span class='ocrx_word' id='word_1_212' title='bbox 229 3709 306 3777; x_wconf 86' lang='grc'><strong>338.</strong></span> <span class='ocrx_word' id='word_1_213' title='bbox 366 3780 377 3793; x_wconf 55' lang='lat'>„</span> 
     </span>
    </p>

    <p class='ocr_par' dir='ltr' id='par_1_13' title="bbox 256 3819 1022 3908">
     <span class='ocr_line' id='line_1_30' title="bbox 256 3819 1022 3908; baseline -0.007 -12"><span class='ocrx_word' id='word_1_214' title='bbox 256 3831 301 3896; x_wconf 92' lang='lat' dir='ltr'><strong>V.</strong></span> <span class='ocrx_word' id='word_1_215' title='bbox 323 3829 401 3898; x_wconf 88' lang='lat'><strong>350.</strong></span> <span class='ocrx_word' id='word_1_216' title='bbox 443 3829 495 3898; x_wconf 89' lang='lat' dir='ltr'><strong>Do</strong></span> <span class='ocrx_word' id='word_1_217' title='bbox 518 3819 669 3908; x_wconf 63' lang='grc' dir='ltr'><strong>ἐκτύπησε</strong></span> <span class='ocrx_word' id='word_1_218' title='bbox 689 3829 753 3896; x_wconf 84' lang='lat' dir='ltr'><strong>vid.</strong></span> <span class='ocrx_word' id='word_1_219' title='bbox 774 3830 817 3896; x_wconf 84' lang='lat' dir='ltr'><strong>ad</strong></span> <span class='ocrx_word' id='word_1_220' title='bbox 838 3848 921 3895; x_wconf 77' lang='lat' dir='ltr'><strong>vere·</strong></span> <span class='ocrx_word' id='word_1_221' title='bbox 943 3823 1022 3896; x_wconf 88' lang='grc'><strong>336.</strong></span> 
     </span>
    </p>

    <p class='ocr_par' dir='ltr' id='par_1_14' title="bbox 258 3941 1228 4034">
     <span class='ocr_line' id='line_1_31' title="bbox 258 3941 1228 4034; baseline -0.007 -16"><span class='ocrx_word' id='word_1_222' title='bbox 258 3952 302 4018; x_wconf 91' lang='lat' dir='ltr'><strong>V.</strong></span> <span class='ocrx_word' id='word_1_223' title='bbox 324 3953 402 4021; x_wconf 88' lang='grc'><strong>351.</strong></span> <span class='ocrx_word' id='word_1_224' title='bbox 446 3941 574 4034; x_wconf 57' lang='grc' dir='ltr'>ἔφθασε</span> <span class='ocrx_word' id='word_1_225' title='bbox 594 3950 757 4020; x_wconf 81' lang='lat' dir='ltr'><strong>accurrit.</strong></span> <span class='ocrx_word' id='word_1_226' title='bbox 808 3952 861 4018; x_wconf 66' lang='lat' dir='ltr'><strong>Gi.</strong></span> <span class='ocrx_word' id='word_1_227' title='bbox 887 3951 961 4017; x_wconf 85' lang='lat' dir='ltr'><strong>adn.</strong></span> <span class='ocrx_word' id='word_1_228' title='bbox 986 3950 1131 4017; x_wconf 81' lang='lat' dir='ltr'><strong>advers.</strong></span> <span class='ocrx_word' id='word_1_229' title='bbox 1154 3943 1228 4014; x_wconf 75' lang='grc'><strong>337.</strong></span> 
     </span>
    </p>
   </div>
   <div class='ocr_carea' id='block_1_5' title="bbox 115 4051 1228 4163">
    <p class='ocr_par' dir='ltr' id='par_1_15' title="bbox 115 4051 1228 4163">
     <span class='ocr_line' id='line_1_32' title="bbox 115 4051 1228 4163; baseline -0.007 -20"><span class='ocrx_word' id='word_1_230' title='bbox 115 4051 171 4131; x_wconf 75' lang='grc'><strong>1--</strong></span> <span class='ocrx_word' id='word_1_231' title='bbox 202 4077 254 4163; x_wconf 83' lang='lat' dir='ltr'><strong>De</strong></span> <span class='ocrx_word' id='word_1_232' title='bbox 286 4077 466 4144; x_wconf 81' lang='lat' dir='ltr'><strong>recentiore</strong></span> <span class='ocrx_word' id='word_1_233' title='bbox 497 4075 684 4162; x_wconf 83' lang='lat' dir='ltr'><strong>significatu</strong></span> <span class='ocrx_word' id='word_1_234' title='bbox 716 4074 861 4142; x_wconf 76' lang='lat' dir='ltr'><strong>vocabuli</strong></span> <span class='ocrx_word' id='word_1_235' title='bbox 897 4058 976 4150; x_wconf 63' lang='lat' dir='ltr'><strong>deoc</strong></span> <span class='ocrx_word' id='word_1_236' title='bbox 1016 4073 1149 4160; x_wconf 80' lang='lat' dir='ltr'><strong>exposui</strong></span> <span class='ocrx_word' id='word_1_237' title='bbox 1185 4071 1228 4136; x_wconf 85' lang='lat' dir='ltr'><strong>ad</strong></span> 
     </span>
    </p>
   </div>
   <div class='ocr_carea' id='block_1_6' title="bbox 126 4197 988 4383">
    <p class='ocr_par' dir='ltr' id='par_1_16' title="bbox 126 4197 988 4383">
     <span class='ocr_line' id='line_1_33' title="bbox 126 4197 308 4269; baseline -0.022 -1"><span class='ocrx_word' id='word_1_238' title='bbox 126 4222 211 4268; x_wconf 80' lang='lat' dir='ltr'><strong>vere.</strong></span> <span class='ocrx_word' id='word_1_239' title='bbox 235 4197 308 4269; x_wconf 79' lang='lat'><strong>105.</strong></span> 
     </span>
     <span class='ocr_line' id='line_1_34' title="bbox 936 4314 988 4383; baseline 0 -28"><span class='ocrx_word' id='word_1_240' title='bbox 936 4318 958 4383; x_wconf 81' lang='lat'><strong>9</strong></span> <span class='ocrx_word' id='word_1_241' title='bbox 969 4314 988 4355; x_wconf 72' lang='lat' dir='ltr'><strong>a</strong></span> 
     </span>
    </p>
   </div>
   <div class='ocr_carea' id='block_1_7' title="bbox 0 0 1356 4672">
    <p class='ocr_par' dir='ltr' id='par_1_17' title="bbox 0 0 1356 4672">
     <span class='ocr_line' id='line_1_35' title="bbox 0 0 1356 4672; baseline 0 0"><span class='ocrx_word' id='word_1_242' title='bbox 0 0 1356 4672; x_wconf 95' lang='lat' dir='ltr'><strong> </strong></span> 
     </span>
    </p>
   </div>
  </div>
 </body>
</html>
