2700 4672
1175 196 1219 267 15

118 386 359 476 Saepenumero
371 387 405 450 in
416 384 609 473 profundum
621 383 831 465 deserebatur,
844 385 960 468 (unde)
968 391 1222 455 rursusviriliter

119 521 302 600 calcitrans,
318 528 471 602 quantum
486 527 624 604 poterat,
642 527 674 580 et
689 537 814 582 sursum
829 519 961 589 redibat.
997 520 1221 604 [eluctabatun

118 653 206 717 Fieri
228 672 294 716 non
317 660 456 738 poterat,
479 662 515 712 ut
536 650 707 713 redimeret
730 671 846 738 corpus
867 672 971 733 suurn,

120 805 222 866 neque
245 794 281 847 ut
303 783 456 866 effugeret
478 793 623 863 mortem,
646 793 681 847 ut
704 797 907 847 conservaret
929 786 1028 848 vitam
1050 807 1150 849 suam.

121 918 289 999 Tanquam
311 936 434 985 remum
456 915 492 979 in
514 933 596 996 aqua
618 912 767 985 trahebat
789 916 923 989 caudam
945 937 1046 997 suam,

121 1061 155 1112 et
175 1048 253 1111 deos
274 1048 473 1134 precabatur,
496 1057 531 1109 ut
552 1047 707 1130 effugeret
728 1058 874 1110 mortem.

123 1179 233 1243 Verba
256 1177 338 1248 haee
358 1180 540 1265 proferebat
561 1177 656 1242 labiis
678 1177 875 1273 dolentibus:

123 1311 199 1376 Tali
221 1310 315 1374 modo
337 1279 445 1397 posuit
466 1328 547 1377 rana
569 1329 620 1379 rua

124 1440 1226 1531 intergosuo,quemadmodumimposuitluppiter,quandoiactusest

125 1587 247 1654 taurus,
270 1585 303 1637 et
326 1592 407 1637 onus
429 1572 569 1659 suscepit
591 1572 626 1638 in
649 1570 798 1636 humeros
820 1596 895 1641 suos
917 1575 1009 1640 illam
1111 1593 1114 1609 ⁴

125 1707 298 1792 Europam,
322 1725 416 1787 quam
438 1716 589 1792 rapuerat
610 1726 629 1767 e
651 1700 799 1784 Sidonia,

86 1872 89 1879 ·
126 1853 159 1906 ct
179 1841 283 1906 maria
305 1839 433 1922 trajecit
454 1856 584 1920 magna,
606 1838 764 1923 pervim,

127 1985 221 2056 atque
244 1974 281 2036 in
302 1970 443 2034 insulam
464 1970 575 2043 eduxit
598 1968 715 2034 Cretae
738 1971 902 2055 contiuuo,

128 2105 279 2187 quoniam
300 2099 446 2187 Iuppiter
469 2099 526 2162 ille
548 2099 745 2171 admirabilis
768 2102 804 2165 in
826 2122 866 2166 ea
888 2101 1062 2168 habitabat.
1172 2188 1174 2190 v

128 2237 223 2300 Hunc
244 2251 424 2298 sermonem
447 2231 590 2310 induxit3
612 2242 645 2294 et
668 2233 752 2312 quod
773 2234 895 2321 incepit
915 2236 1076 2301 inclinare

130 2378 224 2453 caput
245 2386 337 2435 suum
360 2365 517 2440 deorsum,
541 2372 574 2424 et
595 2381 636 2424 ex
658 2380 742 2443 aqua
763 2363 881 2443 bibere,

129 2499 190 2587 pili
210 2502 281 2581 ejus
303 2495 473 2568 madefacti
494 2504 580 2573 sunt,
603 2505 636 2556 et
658 2496 850 2576 gravitatem
872 2495 904 2559 ei
926 2498 1080 2581 iecerunt,

130 2633 276 2695 deorsum
299 2648 371 2693 cum
391 2626 574 2705 trahebant,
597 2626 633 2689 in
654 2626 812 2711 profundo
835 2629 1005 2712 ponebant.

130 2762 253 2828 Vocem
276 2780 407 2849 parvam
429 2758 531 2826 voluit
553 2759 586 2821 vi
607 2757 763 2836 emittere,

124 2895 285 2985 pandatim
303 2914 347 2958 ac
368 2891 497 2956 tractim
519 2889 654 2967 dicebat,
677 2900 711 2951 et
731 2890 889 2953 submisso
911 2889 1107 2972 loquebatur.

132 3025 263 3090 Ranam
285 3006 512 3101 insectabatur,
535 3041 616 3104 quae
638 3021 724 3100 (erat
746 3041 844 3085 causa

133 3158 183 3236 ut)
203 3158 307 3243 ipsum
328 3155 503 3237 conjiceret
524 3155 689 3239 insperato
711 3155 746 3217 in
768 3154 867 3218 talem
890 3154 1067 3220 interitum.

133 3287 228 3352 Haud
249 3259 393 3368 effugies,
416 3285 541 3384 inquit,
554 3303 656 3366 neque
678 3282 745 3348 ullo
767 3287 860 3349 modo
883 3287 997 3350 evades

132 3397 277 3483 Pessime
300 3414 536 3501 Physiguathc‚
559 3437 661 3498 neque
683 3419 781 3482 vitam
803 3418 967 3496 retinebis,

133 3551 190 3615 sed
210 3551 279 3614 lues
301 3561 436 3614 mortem
459 3549 544 3613 male
565 3560 598 3612 et
620 3551 743 3628 acerbe,

134 3681 276 3764 eoquod
299 3701 350 3744 me
373 3683 497 3746 necasti
518 3679 690 3745 malitiose.

134 3813 174 3876 ln
198 3812 330 3877 humero
353 3825 408 3878 tuo
431 3834 482 3877 me
504 3810 652 3898 posuisti,
676 3822 709 3873 et
731 3809 768 3873 iu
790 3828 905 3891 aquarn
927 3795 1102 3889 intravisti,

134 3957 230 4026 atque
252 3943 366 4007 deinde
388 3965 439 4008 me
461 3944 642 4025 deseruisti,
664 3955 700 4007 et
721 3953 757 4005 ut
777 3941 951 4006 suffocarer
973 3941 1134 4006 dimisisti.

134 4076 211 4139 Non
232 4095 306 4139 cras
328 4073 514 4138 meliorare
536 4095 687 4156 unquam,
710 4076 746 4139 in
768 4086 855 4137 terra
877 4084 912 4137 ut
934 4071 1080 4154 bellares,

136 4219 169 4271 et
190 4219 226 4274 ut
246 4207 425 4290 laetareris,
448 4207 532 4272 sicut
553 4226 624 4292 ego,
648 4218 681 4270 et
702 4208 738 4277 iu
760 4226 868 4295 pugna
889 4218 925 4273 ut
947 4207 1099 4288 vinceres.
