2700 4672
124 257 141 291 ι
923 297 928 307 ,
1113 219 1197 303 Χίικ

86 413 233 491 nultima
245 411 459 515 ῙιοείοτίοτίεΔ
467 410 683 487 hemistichii
700 411 842 513 syllaba.
867 412 926 488 Do
945 416 1101 516 politicis
1118 446 1192 495 me-

88 546 138 622 dii
152 545 231 623 aevi
248 545 466 621 Graecorum
482 545 646 622 versibus
662 542 800 623 Struvii
815 545 1008 646 disputatio
1026 559 1152 626 exstat
1161 556 1191 650 ¹)

85 676 192 778 Quae
222 678 268 751 ab
298 677 367 752 hoc
397 677 436 750 in
465 675 604 751 mediae
635 675 762 751 aetatis
794 653 1031 755 monumentis
1062 680 1190 759 borum

86 835 252 886 versuum
271 810 369 911 leges
386 808 572 908 indagatae
591 817 694 899 sunt,
713 833 776 881 eae
792 833 887 901 nunc
904 837 1048 912 quoque
1067 840 1191 899 omues

85 967 106 1014 a
131 939 280 1015 Graecis
306 941 550 1029 observantur,
575 938 647 1014 nisi
671 936 769 1038 quod
794 938 833 1012 in
855 939 993 1042 vulgari
1016 948 1189 1029 recentia·
1311 957 1313 964 ’

84 1071 135 1144 ris
160 1072 332 1171 temporis
358 1096 523 1147 sermone
547 1069 629 1173 plus
655 1079 713 1145 est
727 1069 891 1146 licentiae
908 1073 947 1146 in
964 1073 1109 1172 syllabis
1132 1105 1190 1178 sy-

83 1201 194 1277 nizesi
225 1203 483 1303 conjungendis
517 1200 759 1302 mutandaque
797 1214 1007 1289 accentuum
1031 1209 1187 1307 sede..**)

83 1332 244 1433 Quo-fit,
270 1344 310 1409 ut
333 1333 489 1435 imperiti
512 1331 614 1407 facile
639 1332 814 1434 suspicari
839 1346 986 1434 queant,
1016 1338 1111 1414 alias.
1134 1368 1188 1414 ar·

81 1465 130 1541 tis
155 1465 323 1541 metricae
346 1465 488 1567 regulas
512 1464 716 1568 vulgaribus
733 1474 878 1541 nostrae
895 1468 1085 1544 memoriae
1102 1497 1186 1573 poc7

81 1597 129 1674 lis
153 1584 307 1700 probari.

135 1736 139 1741 ’
225 1727 396 1806 Dictione
421 1754 508 1805 usus
527 1738 592 1804 ‘est
616 1727 822 1805 Demetrius
846 1729 967 1806 Zenus
997 1733 1186 1832 perspicua

81 1871 120 1937 et
144 1872 315 1962 quantum
338 1861 377 1936 in
393 1861 491 1963 vulgi
506 1859 649 1962 loquela
665 1860 743 1937 lieri
758 1870 881 1963 potest
895 1871 993 1939 tersa
1012 1873 1050 1938 et
1067 1838 1185 1949 emula

15 2066 17 2071 ,
80 1993 172 2069 data.
198 1993 480 2094 ·Proindehujus
493 1993 667 2095 poe'matis
680 1992 836 2068 studium
855 1993 980 2092 majori
998 1996 1184 2073 commodo

79 2123 254 2201 tironibus
269 2151 352 2202 esse
363 2135 494 2227 potest,
508 2151 614 2226 quam
622 2124 816 2199 carminum
821 2125 1053 2225 popularium,
1068 2128 1185 2228 qualia

78 2265 202 2331 nostra
215 2267 331 2359 aetate
346 2258 440 2333 edita
448 2273 542 2346 sunt,
561 2256 787 2356 quantumvis
802 2256 1018 2350 eximiorum,
1031 2257 1182 2362 diligens
1260 2358 1263 2367 V

79 2396 118 2462 et
130 2387 274 2464 assidua
290 2387 408 2471 lectio.
432 2386 588 2462 Maxima
601 2386 739 2463 scilicet
752 2386 947 2460 carminum
960 2390 1182 2490 popularium

79 2520 123 2595 ab
135 2520 289 2596 indoctis
297 2519 581 2622 compositorum
599 2545 683 2620 pars
696 2517 887 2593 laxioribus
901 2519 1051 2596 vinculis
1069 2550 1183 2624 gram-

78 2653 216 2728 maticis
248 2653 466 2741 continetur,
499 2677 606 2750 qnam
630 2650 720 2724 Zeni
741 2674 872 2749 poema
908 2658 1016 2747 atque
1047 2651 1181 2729 idcirco

77 2783 137 2859 illa
159 2785 204 2861 iis
228 2784 341 2886 magis
365 2780 517 2885 legenda
541 2789 636 2872 sunt,
662 2780 724 2881 qui
741 2782 810 2879 jam
829 2778 1083 2878 aliquantulum
1099 2811 1179 2885 pro·
1244 2769 1257 2778 ³

77 2915 246 2990 iecerunt
293 2914 426 3015 Neque
449 2924 570 2989 tamen
596 2896 783 3013 quisquam
809 2911 868 2986 illa
886 2902 1090 3006 difficiliora,
1115 2917 1181 2992 sed

76 3045 332 3148 negligentiora
348 3056 486 3122 tantum
505 3070 611 3146 quam
629 3043 958 3145 poemaZenianum
977 3071 1059 3119 esse
1076 3047 1179 3124 dicat.

56 3178 157 3254 ·Jam
180 3178 214 3251 si
236 3178 275 3250 in
298 3177 502 3253 universum
528 3177 748 3252 Graecorum
772 3175 866 3251 sexti
891 3175 1019 3249 decimi
1045 3179 1178 3254 saeculi
1276 3228 1279 3239 ·

76 3333 294 3399 sermonem,
336 3307 452 3410 qualis
476 3307 525 3380 .in
559 3308 649 3382 Zeni
680 3315 843 3407 poemate
888 3317 1051 3408 apparet,
1096 3336 1177 3386 cum

75 3452 221 3517 nostrae
245 3441 372 3516 aetatis
397 3466 561 3516 sermone
585 3438 721 3540 vulgari
737 3439 994 3530 contendimus,
1018 3451 1092 3515 tam
1108 3444 1180 3518 exi-

77 3600 180 3675 guam
195 3575 299 3656 ,inter
320 3583 513 3672 utrumque
538 3571 772 3646 differentiam
797 3569 1112 3669 deprehendimus,
1137 3586 1178 3649 ut

76 3707 120 3779 ab
144 3706 199 3796 iis,
225 3704 384 3805 quinon
409 3704 471 3779 diu
493 3706 532 3778 in
563 3703 620 3778 his
651 3703 781 3779 litteris
811 3701 944 3779 versati
975 3713 1074 3795 sunt,
1106 3706 1178 3779 ani-

75 3878 390 3899 m<

73 4041 77 4047 .
145 3978 169 4045 ⁸)
206 3971 296 4030 Ueber
313 3974 365 4030 deu
380 3974 540 4050 politischcn
560 3972 630 4031 Vere
654 3970 948 4048 dorlllittclgriecben,
971 3972 1030 4029 cine
1053 3950 1201 4030 Athana-⁴

74 4061 138 4137 lung
154 4080 208 4119 rou
225 4060 274 4119 Dr.
291 4059 326 4119 Κ.
345 4060 376 4118 L.
394 4059 500 4116 suave.
534 4059 698 4116 Hildcsbeim
718 4062 796 4120 1828.

144 4165 179 4236 “t
214 4164 257 4222 Dc
283 4167 334 4224 hoc
361 4172 511 4240 argumento
537 4182 620 4240 pauca
643 4164 757 4222 disserui
781 4166 809 4222 ln
835 4163 986 4222 Commeat.
1012 4161 1052 4255 ad
1072 4161 1200 4236 Dialogi'
1322 4168 1324 4172 “

74 4269 144 4309 vcra.
163 4255 176 4308 1
197 4261 225 4310 ct
241 4255 267 4313 5.

776 4358 879 4399 ΗΝ
