2700 4672
89 393 181 458 Tunc
204 391 332 474 quidam
354 389 393 454 de
415 389 569 469 muribus,
590 407 737 453 seorsum
757 392 798 455 ab
820 391 970 457 omuibus

88 525 169 589 abiit
190 524 319 588 domum
339 541 442 602 ruam,
464 532 498 586 et
519 519 651 602 reliquit
670 520 747 585 illue
769 541 890 587 omues.

87 654 131 719 Et
152 654 255 719 filium
275 674 370 719 cuum
390 652 527 733 vocarit,
549 662 586 715 ut
607 651 733 715 veniret
753 652 796 716 ad
815 655 1034 740 pugnandum,

88 800 182 869 atque
204 788 241 850 in
262 785 372 850 hoster
394 786 520 849 facinus
540 782 743 870 praeclarum
756 794 793 847 ut
806 798 1002 852 monstraret
1015 800 1050 853 et
1062 791 1191 859 feceret

87 916 210 982 Statim
230 918 442 1003 Meridarpax
462 916 609 1002 pervenit
630 915 673 979 ad
694 911 824 996 flumen,

87 1051 189 1129 ranis,
212 1048 335 1130 (sicut)
357 1047 494 1127 dicebat,
516 1057 554 1110 ut
574 1045 711 1111 multum
731 1047 812 1112 mali
832 1048 981 1130 inferret3

86 1181 226 1244 mediam
246 1180 346 1244 scidit
367 1198 493 1260 nucem,
515 1188 550 1242 et
570 1178 654 1262 tegit

87 1323 214 1396 tergum
235 1309 447 1392 humerosque
468 1329 555 1390 ruer,
576 1321 612 1374 et
631 1309 779 1374 lanceam
799 1311 925 1398 arripit.

87 1443 143 1509 Ad
162 1463 262 1507 ranas
284 1442 434 1522 cucurrit,
457 1440 596 1523 illaeque
616 1443 794 1506 exterritae
814 1453 902 1522 runt,

87 1576 124 1638 in
146 1575 297 1662 paludem
319 1586 455 1639 cunctae
477 1573 626 1638 celeriter
647 1593 816 1637 cucurrere
836 1592 877 1635 ae
896 1591 969 1636 rere
989 1577 1149 1647 abdidere,

86 1706 162 1771 Nisi
182 1706 374 1793 providisset
394 1705 550 1793 Iuppiter,
571 1704 702 1770 illarum
722 1715 760 1769 ut
780 1704 998 1789 misererem,
1159 1674 1163 1681 ¹

87 1849 218 1902 cuncter
239 1837 297 1901 illc
317 1837 406 1901 solur
426 1837 565 1901 vicisset.

88 1968 196 2056 Caput
217 1970 380 2052 quassavit
399 1968 556 2056 Iuppiter,
577 1978 612 2033 et
632 1968 682 2032 rie
702 1966 835 2033 elamat:

86 2101 169 2182 Heu,
192 2099 265 2182 heu,
287 2101 364 2183 quid
385 2111 522 2164 cernunt
542 2098 638 2164 hodie
661 2098 746 2162 oculi
765 2099 850 2163 mcii
870 2099 1080 2186 vociferatum

87 2234 225 2299 nimium
246 2244 401 2315 quantum
421 2253 473 2296 me
495 2231 629 2296 effendit
649 2230 859 2316 Meriderpax
879 2231 953 2313 iate,

87 2384 188 2429 renea
208 2365 344 2427 miserae
365 2363 449 2444 quod
469 2363 610 2425 trucidat
630 2361 689 2423 sie

87 2493 156 2572 Sed
177 2516 239 2580 age
259 2496 386 2559 mittam
406 2493 599 2574 Minervam,
622 2501 680 2555 aut
700 2493 817 2557 fortem
838 2491 989 2575 Martem,

87 2628 152 2714 ipri
171 2626 396 2713 Meriderp'agi
416 2636 453 2689 ut
473 2624 592 2711 eripiat
611 2622 769 2687 lanceam.

87 2726 147 2823 Sic
168 2759 252 2823 dixit
273 2758 427 2846 Iuppiter.
472 2755 566 2819 Marc
588 2773 663 2820 vero
684 2755 718 2818 ei
738 2754 920 2842 respondite

86 2891 119 2955 0
139 2891 285 2978 luppiter
306 2887 475 2969 Saturnio,
496 2887 595 2952 scitu:
617 2885 790 2952 Ranenm
811 2897 959 2952 catervae

31 3109 35 3117 Ι
87 3042 155 3086 non
174 3033 282 3109 potest
302 3018 460 3100 Minerva,
480 3039 541 3084 uec
562 3040 624 3104 ego
644 3019 738 3082 Mara

87 3152 247 3217 auxilium
268 3154 362 3232 serre,
383 3151 450 3214 uisi
472 3161 604 3213 cunctor
625 3168 687 3212 uos
707 3148 868 3214 numeru.

88 3284 158 3350 Aut
178 3282 288 3363 etiam,
309 3282 340 3344 ei
361 3282 421 3359 vis,
443 3300 519 3344 mox
540 3279 633 3343 delur
650 3289 724 3343 tuus
744 3290 782 3344 ut
802 3291 914 3361 cerret,

88 3414 219 3480 fulmini
239 3425 294 3477 tuo
316 3413 451 3500 impera,
473 3423 509 3477 ut
530 3422 585 3476 eat
606 3413 805 3476 combustum

88 3536 180 3613 illt'rm
201 3545 454 3610 crudelissimum
474 3565 629 3609 renerum
648 3545 897 3620 interfectorem,

88 3680 173 3742 sicut
192 3679 292 3757 ivisti,
313 3687 347 3739 et
369 3677 570 3739 combussisti
592 3674 765 3754 aliquando
787 3669 1009 3734 Salmoncum.

87 3809 223 3874 Fulmen
244 3821 333 3874 tuum
354 3807 504 3895 perdidit,
525 3807 610 3870 sicut
631 3802 695 3868 hoe
714 3803 823 3867 sciunt
844 3819 967 3878 omnes,

89 3961 161 4004 cum
183 3938 266 4002 aliur
287 3949 394 4019 antee,
417 3951 487 4004 tum
508 3940 594 4002 serua
613 3937 690 4001 illoc
711 3934 877 4019 Gigantes.

88 4071 204 4135 Tacuit
225 4070 328 4150 Mars,
350 4080 418 4132 tum
439 4065 616 4133 Saturnius
637 4068 738 4132 mittit

89 4204 195 4265 surore
217 4213 250 4265 et
270 4203 321 4265 ira
343 4200 534 4281 (accensus)
555 4217 653 4263 ureur
673 4217 766 4263 cuum
787 4195 895 4259 telum.

890 4323 911 4390 3
