2700 4672
159 207 204 256 nn
221 180 225 186 ’

159 373 313 450 bominis
338 372 524 473 prudentis
551 382 587 446 et
612 371 756 445 cordati.
793 370 865 466 ¹De
880 369 1021 467 reliquo
1037 370 1265 470 turpissimos

160 505 316 605 cujusvis
344 505 484 605 generis
511 527 649 578 errores
676 504 713 575 in
738 512 840 576 textu
865 501 1044 590 toleravit,
1076 501 1139 601 qui
1168 502 1265 578 viros

160 636 218 713 rel
243 636 557 710 exercitatissimos
584 631 766 707 offendere
789 636 937 733 queunt,
961 632 1061 706 velut
1083 660 1128 709 vs
1146 634 1193 706 19
1215 624 1271 724 τίς

161 755 243 843 ivor
267 768 287 840 ὁ
312 765 513 870 pendium),
538 767 600 839 ubi
625 764 874 866 corrigendum
898 763 956 841 vel
981 760 1149 864 γίςένὲἡ
1166 764 1266 868 γονή

161 927 237 974 σου
261 899 319 975 vol
350 895 513 986 τίνες-ἔν’
547 901 580 971 οἱ
608 905 733 997 γονεῖς
763 920 859 984 σούς
889 895 1051 970 similiter
1079 921 1188 985 vorsu
1218 897 1266 970 64

160 1028 381 1132 φαλάγγιον
405 1029 567 1117 retinuit,
595 1028 702 1128 quod·
722 1027 930 1115 mutandum
959 1027 996 1098 in
1026 1026 1267 1131 babdppaom

159 1160 303 1261 pariter
322 1189 354 1238 v.
380 1162 451 1234 455
482 1158 661 1258 ἰκαθαροὶ
690 1160 728 1233 in
758 1170 861 1234 textu
891 1158 1051 1258 reliquit,
1088 1185 1266 1258 prosquo

160 1292 375 1366 exarandum
392 1301 459 1367 -est
484 1294 516 1366 οἱ
540 1289 714 1389 καθαροὶ
763 1290 859 1367 Nolo
884 1289 944 1365 his
971 1288 1121 1362 mendis·
1142 1289 1267 1364 immo-

159 1423 242 1497 rari:
263 1450 356 1524 quae
387 1423 505 1499 omnia
535 1423 573 1497 in
601 1419 892 1497 'adnotationibus
923 1421 1056 1495 criticis
1089 1421 1265 1525 leguntur„

157 1552 251 1629 Aliis
277 1581 370 1655 ergo·
386 1554 493 1632 velim
519 1581 625 1654 quam
650 1554 736 1628 mihi
761 1553 920 1629 Crusius
938 1553 1161 1652 persuadeat,
1176 1578 1264 1627 -eam

161 1682 266 1785 (paam
292 1687 395 1760 affert
419 1713 539 1764 veram
565 1711 647 1760 esse
671 1687 860 1776 rationem,
886 1678 951 1759 cui
978 1684 1143 1775 totrit'ia
1175 1685 1266 1760 inta-

158 1816 436 1916 ctareliquerit.
493 1815 622 1890 Latina
660 1819 827 1892 carminis
863 1815 1048 1892 translatio
1064 1842 1114 1904 a.
1131 1814 1264 1891 Crusio

159 1948 329 2038 conlecta,
356 1974 462 2049 quarn
486 1949 581 2046 juxta
607 1959 744 2023 textum
775 1949 812 2023 in
837 1947 1096 2048 Tureograecia
1114 1947 1264 2043 inveni·

158 2078 256 2170 mus,
285 2105 359 2153 non
382 2079 487 2153 'omni
517 2079 622 2154 laude
653 2090 769 2155 caret:
816 2079 942 2178 Longe
973 2078 1094 2178 plures
1126 2080 1265 2155 'seilicet

158 2207 227 2283 loci
252 2219 353 2299 sunt,
379 2238 470 2311 quos
494 2212 683 2303 intellexit,
713 2234 818 2310 quam
837 2234 957 2308 ¹quos·
973 2235 1054 2283 non>
1073 2211 1264 2287 'intellexit

158 2339 289 2440 Neque
312 2351 432 2416 tamen
457 2344 546 2419 haec
570 2368 696 2445 magna
720 2339 798 2414 laus
821 2339 861 2412 in
878 2349 954 2414 tam·
970 2341 1070 2420 brevi
1089 2341 1263 2444 opusculo

158 2447 240 2546 est¹
279 2472 520 2576 Caeteroquin
546 2473 708 2550 existimo
728 2471 904 2544 Graecam
922 2471 1084 2572 aliquem,
1111 2499 1264 2572 quornm

157 2599 278 2702 plures
303 2607 408 2682 variis
432 2606 655 2708 temporibus
681 2601 919 2678 adssrusium
942 2614 1134 2695 venerunt,
1156 2613 1200 2679 «ut
1223 2605 1263 2678 in

158 2732 417 2837 'lloreograeeia
445 2747 577 2827 narrat,-
605 2734 721 2810 italice
753 2735 857 2828 (nam
888 2734 949 2822 illo
982 2761 1148 2809 sermone
1180 2760 1262 2810 eum

157 2864 304 2944 Graecis
329 2870 510 2972 plerisque
535 2868 674 2941 locatus
707 2869 784 2962 est)
811 2865 844 2938 ei
874 2865 1148 2966 interpretatum
1179 2893 1261 2943 esse

155 2994 247 3073 banc
263 2997 690 3099 'Batrachomyomaehiae
715 2995 957 3097 paraphrasin.
1011 2995 1102 3073 Inde
1127 2998 1259 3076 factum

153 3129 304 3225 videtur,
328 3139 370 3210 'ut
389 3134 430 3208 in
454 3129 660 3205 universum
674 3129 776 3203 'bene
800 3138 959 3204 verteret
989 3130 1163 3222 Crusius,
1192 3130 1260 3205 sed
1310 3191 1316 3202 ,

156 3265 298 3360 quando
315 3263 445 3339 Graeci
468 3260 562 3335 illius
588 3260 918 3361 interpretationem
935 3288 1009 3336 non
1027 3262 1258 3354 intellexerat;

154 3419 174 3465 a
199 3394 526 3469 sensu-aberraret.
584 3390 690 3491 Quae
722 3393 914 3468 sententia
930 3393 963 3468 si
994 3393 1051 3468 eui
1082 3391 1257 3492 displicet,
1338 3413 1340 3427 ·

152 3550 225 3598 non
249 3521 363 3610 video,
390 3521 570 3621 quomodo
595 3525 765 3615 evenerit,
795 3533 836 3599 nt
862 3524 1013 3598 Crusius
1044 3523 1141 3597 omni
1170 3523 1259 3598 lexi-

153 3677 275 3740 eorum
300 3660 337 3724 et
361 3654 668 3752 grammaticorum
697 3656 896 3730 libellorum
927 3680 996 3755 ope
1026 3681 1168 3744 carens,
1198 3655 1258 3733 vel

60 3859 63 3862 ,
151 3783 220 3857 hoc
244 3780 418 3854 tolerabili
449 3785 555 3858 modo
585 3797 751 3862 verteret.
808 3783 929 3883 Quum
961 3795 1080 3859 autem
1112 3787 1256 3887 saepius

149 3919 247 3986 recte
282 3937 388 4009 qnam
422 3913 512 3988 salso
546 3918 704 4007 verterit,
739 3914 863 3990 salsam
889 3916 1042 4014 quaein
1071 3927 1174 3992 texta
1198 3928 1256 3992 est

150 4028 360 4140 scripturam
384 4042 591 4145 frequenter
622 4073 666 4120 ex
691 4047 768 4142 ejus
802 4044 1034 4124 translatione
1065 4045 1253 4124 emendare
1285 4060 1297 4078 ⁶

127 4157 239 4248 licet.
289 4171 384 4250 Vide
420 4203 511 4275 quae
545 4165 583 4250 in'
616 4176 880 4254 Commentario
917 4179 963 4254 ad
998 4208 1038 4257 va
1066 4183 1144 4254 217·
1170 4179 1251 4274 dixi.
