2700 4672
123 441 241 508 Ranae
263 444 461 509 resciverunt
483 443 564 510 hacc
585 463 679 528 nova,

122 577 232 639 venire
253 595 361 639 mures
384 587 497 641 contre
519 599 555 642 se
577 599 649 642 cum
671 579 781 666 copiis.

122 703 204 771 Sine
225 705 294 770 ulla
316 709 520 788 cunctatione
542 730 584 773 ex
605 728 688 792 aque
710 710 867 789 exierunt,

121 840 211 902 etin
233 836 485 921 locumcertum
507 841 674 904 confestim
697 836 808 905 omnes
831 842 1056 923 conuenerunt,

121 945 157 1033 ut
180 980 414 1052 cognoscerent
436 991 575 1052 causam,
599 992 658 1050 cur
678 973 741 1036 sibi
763 972 980 1038 irascerentur
1000 973 1061 1036 illi.

123 1099 266 1169 Cunctae
287 1101 323 1163 in
346 1101 440 1164 dubio
463 1103 608 1182 inerunt,
631 1115 763 1190 propter
785 1105 861 1187 qnid
881 1105 944 1170 ribi
965 1103 1218 1171 inimicarentur.

123 1230 322 1295 Caduceator
344 1233 484 1314 advenit,
506 1232 781 1317 umbusiehynua

120 1360 324 1450 Tyroglyphi
345 1361 443 1444 filius,
463 1357 520 1444 'qui
542 1376 612 1429 crat
630 1366 742 1429 'animo
764 1385 893 1451 magno.

120 1492 260 1578 Virgam
281 1504 395 1557 tenens
418 1505 579 1558 tornatam
602 1496 640 1558 in.
659 1516 757 1560 manu
778 1517 837 1561 sua
857 1508 1000 1580 utraque,
1074 1522 1076 1529 '

35 1606 38 1611 ’
120 1626 211 1688 ranis
233 1626 512 1711 appropinquavit,
536 1637 569 1706 et
590 1627 679 1691 venit
701 1628 742 1692 ad
764 1648 819 1694 eas
841 1648 949 1716 prope.

119 1755 210 1821 Dicit
231 1756 294 1820 eis:
318 1753 443 1820 Scitote
466 1768 597 1822 cunctae
619 1779 676 1823 vos
697 1777 814 1838 ranae;

118 1907 225 1950 mures
247 1898 324 1950 sunt
345 1889 433 1969 irati,
456 1899 488 1951 et
509 1889 632 1953 iaciunt
653 1891 743 1955 vobis
764 1889 892 1954 bellum.
933 1887 935 1890 ⁴
1030 1889 1034 1895 ’

119 2019 175 2083 Me
197 2019 364 2100 miserunt,
387 2030 423 2082 ut
444 2020 694 2105 vobissdioerem
716 2021 845 2102 diserte,

119 2162 155 2216 ut
176 2151 268 2214 iretis
290 2150 332 2214 ad
353 2153 461 2231 arma,
478 2162 510 2237 ct
532 2114 690 2239 caperetis
711 2151 866 2232 lanceas,

120 2284 194 2364 quia
216 2282 397 2345 didicerunt
418 2302 456 2347 ac
478 2279 637 2362 viderunt,
659 2283 779 2366 injuste
799 2283 1005 2345 interemtum
1037 2282 1040 2287 ’

120 2413 212 2477 illum
235 2409 499 2499 Psicharpagem,
522 2411 676 2501 (nempe)
699 2414 792 2495 aquis
814 2409 1013 2492 suffocatum,
1054 2416 1056 2420 '

95 2580 97 2583 ·
119 2565 214 2628 quem
234 2545 344 2607 necuit
365 2564 424 2631 per
445 2544 616 2625 malitiam,
639 2544 727 2608 velut
749 2545 810 2624 sur,

118 2687 224 2742 vester
244 2695 314 2756 rex,
337 2673 582 2759 Physignathus
603 2674 751 2738 mendax.
801 2735 803 2740 .

118 2810 170 2874 Ne
192 2809 293 2893 igitur
315 2818 448 2893 cessate,
471 2807 507 2870 in
530 2806 601 2870 acie
623 2827 679 2870 vos
702 2804 872 2869 collocare.

118 2943 194 3005 Non
206 2940 308 3004 habeo
320 2938 411 3002 aliud
421 2939 538 3020 dicere,
551 2948 584 3002 ct
595 2938 741 3020 relinquo
754 2938 844 3001 vobis
850 2933 1032 3000 sanitatem.
1040 2929 1121 3012 (h.e.
1127 2937 1217 2993 etva-

119 3072 230 3136 Verba
250 3069 332 3134 haec
354 3066 524 3134 turbarunt
545 3090 698 3135 ranarum
720 3071 857 3149 animos,
930 3065 1012 3151 [iere
1033 3083 1091 3128 vos
1106 3058 1218 3144 jubeo)

121 3198 383 3286 Physignathum
406 3202 606 3281 incusabant,
629 3213 663 3266 et
685 3199 959 3288 reprehendebant
980 3194 1136 3279 singulae.

120 3335 181 3400 Ille
203 3354 279 3398 vero
302 3332 461 3433 aitleon
482 3334 558 3396 sum'
574 3354 634 3417 ego
656 3333 692 3396 in
715 3354 824 3413 causa,

120 3478 156 3532 ut
179 3463 383 3551 Psicharpax
403 3463 676 3550 perierit3‘neque
698 3466 730 3529 vi
751 3465 928 3530 introduxi.

121 3600 245 3662 Nature
265 3599 335 3683 ipse
352 3596 528 3680 'eggressus
550 3606 619 3679 est,
633 3605 669 3657 ut
689 3595 747 3675 ita,
768 3595 853 3659 sicut
873 3613 933 3675 nos
954 3599 1091 3654 nataret.

122 3732 218 3794 Nunc
240 3728 345 3812 (ergo)
368 3725 698 3790 multitudomurium
720 3744 817 3806 quare
838 3742 890 3786 me
911 3721 1101 3808 vituperati.

123 3861 193 3944 Ego
214 3880 282 3923 non
304 3859 422 3923 offendi
443 3879 499 3921 eos
520 3858 557 3920 in
578 3855 646 3920 ulla
666 3875 728 3952 rea

126 3989 193 4056 Sed
215 4011 275 4074 age
296 3974 442 4053 ineamus
464 3990 643 4071 consilium,
666 4001 702 4054 ut
725 4005 955 4073 congregemur
976 4003 1052 4063 una,

127 4125 329 4188 inveniamus
352 4139 442 4184 anna
463 4120 610 4206 pulchra,
634 4142 744 4186 omnes
767 4140 936 4200 armemur,

129 4256 209 4319 ioris
231 4255 272 4320 ad
293 4254 398 4341 ripam
421 4264 555 4320 cunctae
577 4253 782 4341 reperiamur.
