2700 4672
1204 218 1251 290 119

145 421 245 486 ctura,
269 425 330 487 qua
358 404 785 489 substantivumpluraliter
815 409 1019 472 enunciatum
1050 396 1121 472 cum
1139 415 1244 484 ,verim

143 529 351 612 singulariter
379 548 530 612 expresso
558 529 724 610 jungitur,
752 529 848 613 plane
877 530 1028 594 abhorret
1051 552 1155 594 sermo
1178 531 1243 618 plc-
1292 586 1296 593 .

140 656 240 735 bejus,
263 652 310 714 ita
331 661 366 712 ut
380 639 429 708 ed
449 639 570 727 {tirum
592 651 631 712 ad
655 642 774 729 plueret
798 653 910 714 reterri
932 665 1076 734 nequeat.
1115 655 1241 721 Deinde

118 786 276 854 constat,
301 773 390 835 illius
412 773 529 834 aetatis
552 773 726 858 scriptores
749 776 1019 858 praepositionem
1048 771 1083 835 ἐκ
1106 778 1239 842 barbare

139 919 210 960 cum
238 895 419 958 accusativo
447 893 632 979 plerumque
655 898 887 973 construxisse,
912 897 994 976 quod
1016 901 1172 962 sermonis
1193 904 1239 964 vi-

138 1022 218 1081 tium
248 1017 364 1079 Gracci
392 1017 433 1079 ad
466 1018 630 1096 antiquam
660 1016 721 1080 hac
749 1021 785 1080 in
812 1039 848 1082 re
874 1023 1060 1102 juncturam
1087 1025 1236 1103 regressi,

124 1141 223 1201 'nunc
245 1140 376 1201 evitant.
425 1138 576 1222 Ejusdem
603 1138 752 1220 loquendi
780 1143 909 1224 generis
938 1142 1026 1210 inira
1054 1142 1235 1227 exemplum

34 1275 37 1283 ’
134 1274 183 1325 est
210 1281 290 1324 vers.
317 1260 397 1339 1253
435 1282 532 1346 porro
561 1263 645 1346 apud
673 1263 876 1326 Theodorum
903 1265 1113 1330 Prodromum
1142 1265 1196 1338 lib,
1211 1267 1236 1329 Ἰ

133 1405 214 1448 vers·
245 1380 308 1446 142
337 1378 373 1442 ἐκ
394 1371 450 1442 τὸν
464 1370 616 1463 Ἴαμβον,
644 1386 698 1447 ubi
726 1384 848 1448 Comes
870 1357 991 1449 similes
1014 1387 1102 1449 locos
1131 1389 1233 1453 affert.

133 1509 347 1583 Quamobrem
369 1525 479 1568 versus
501 1518 613 1569 noster
635 1508 681 1568 sic
705 1487 934 1570 convertendus
957 1521 1020 1571 cst:
1049 1528 1097 1572 ex
1118 1529 1234 1594 uqrtae

130 1627 243 1692 herbis
263 1623 308 1714 fit
331 1624 526 1690 admonium
549 1637 650 1692 tuum.
698 1630 789 1704 Quae
813 1629 888 1691 licet
902 1631 949 1692 ita
964 1651 999 1692 se
1017 1627 1166 1712 habeant,
1188 1623 1254 1696 tai-⁴

129 1772 204 1815 men
226 1734 293 1813 non
315 1753 499 1833 negaverim
522 1752 647 1814 Zenum
674 1756 804 1835 ejusque
832 1752 981 1834 aequales
1010 1752 1232 1818 inconstantes

129 1876 227 1938 fuisse
254 1876 290 1937 in
317 1894 377 1936 usu
405 1872 500 1956 hujus
529 1876 788 1960 praepositionis.
838 1875 924 1938 Nam
951 1875 1038 1949 infra
1066 1895 1160 1939 versu
1187 1874 1230 1940 74

129 2000 288 2082 genitivus
311 1999 342 2060 ci
364 1997 533 2080 adjunctus
556 1998 675 2080 legitur
697 1993 734 2057 ἐκ
750 1988 944 2078 rugituum,
964 2017 1060 2082 porro
1077 2018 1170 2061 versu
1187 1996 1230 2062 76

128 2116 165 2180 ἐκ
185 2116 241 2179 τοῦ
262 2114 409 2200 πολέιιου.
456 2119 671 2201 Caeteroquin
693 2121 732 2182 de
759 2142 835 2184 voce
856 2111 890 2180 ad
913 2109 1049 2198 βότανον
1077 2119 1118 2183 ad
1147 2140 1227 2184 vers.

126 2241 201 2306 258.
225 2244 288 2324 egi·
312 2277 356 2289 -
378 2243 526 2324 Denique
548 2225 647 2321 caede,
670 2244 753 2323 quod
776 2244 859 2305 sicut
881 2232 975 2321 νηρὸν
997 2254 1030 2304 ct
1052 2231 1150 2321 cupio
1163 2243 1228 2326 pri.

126 2367 223 2428 mitus
245 2364 437 2448 adjectivum
459 2364 582 2426 videtur
602 2364 716 2442 fuisse,
745 2375 857 2427 natum
885 2385 927 2427 cx
954 2355 1022 2423 udo
1046 2362 1117 2447 fluo
1147 2365 1227 2427 desi-

125 2489 320 2570 signansqnc
342 2488 427 2550 idem
450 2488 533 2569 quod
555 2474 664 2566 ὑγρὸν,
687 2506 773 2548 nune
795 2487 880 2572 apud
896 2486 1036 2548 Graecos
1053 2506 1178 2570 semper
1191 2487 1227 2549 in

123 2632 183 2674 usu
206 2622 255 2673 est
276 2631 335 2695 pro
357 2599 448 2688 ὕδωρ.
480 2606 579 2672 -Vide
600 2610 778 2700 tinctorem
800 2607 1055 2690 Etymoiogicis.
1070 2627 1098 2669 v.
1119 2597 1226 2686 sapim
1328 2650 1331 2655 .

123 2731 320 2815 Hesychium
343 2735 401 2797 sub
424 2733 535 2795 eadem
557 2753 634 2794 voce
665 2743 697 2794 et
726 2733 771 2795 ibi
799 2731 979 2794 Albertum.
1029 2730 1123 2793 Adde
1152 2726 1225 2791 Sal.
1336 2697 1339 2703 ¹

122 2877 202 2920 mas.
226 2856 267 2919 ad
290 2854 427 2920 Trebell.
450 2855 535 2918 Poll.
558 2876 589 2940 p.
614 2853 675 2919 311
702 2855 761 2933 (Τ.
778 2852 823 2916 ΙΙ.
845 2853 885 2919 Η.
907 2852 949 2918 Α.
973 2874 1003 2938 Ρ.
1021 2849 1104 2932 303)
1125 2852 1223 2934 ejusd.

122 2949 298 3043 Eirereitat.
322 2979 358 3041 in
381 2979 418 3041 C.
441 2978 473 3040 J.
497 2976 606 3041 Solini
628 2975 838 3058 Polyhistora
859 2997 889 3060 Ρ.
915 2975 978 3039 777
1002 2978 1031 3038 b.
1055 2986 1088 3037 et
1108 2995 1139 3058 Ρ.
1158 2970 1223 3037 916

56 3167 59 3175 .
123 3123 151 3165 a.
175 3103 259 3163 et‘si
281 3102 329 3163 vis
351 3122 382 3185 Ρ.
408 3098 509 3178 12983
536 3121 632 3186 porro
656 3101 736 3190 Bod.
765 3096 923 3183 aStapel
944 3098 985 3161 ad
1008 3094 1222 3181 Theophrast.

121 3222 162 3288 Η.
192 3221 242 3286 Pl.
264 3221 336 3322 JV,
368 3219 408 3283 1⁸2
430 3242 467 3306 p.
492 3219 556 3284 484
585 3225 642 3285 sub
664 3222 719 3286 fin
748 3232 781 3284 et
803 3218 867 3284 435
890 3242 937 3284 a.
959 3220 1021 3283 'Gi
1051 3230 1083 3281 et
1106 3217 1221 3281 Corais

118 3338 238 3405 ’Areua
265 3345 302 3407 Τ.
324 3344 375 3408 Ν
401 3364 475 3429 pag.
505 3342 571 3408 319-
598 3355 630 3406 et
656 3345 792 3407 Meursii
822 3343 964 3406 Glossar.
986 3340 1220 3406 Graecobarha·

120 3487 191 3529 rum
219 3488 245 3530 s.
275 3463 307 3528 h.
340 3489 367 3530 v.
397 3469 531 3549 denique
558 3467 723 3550 Duc-angii
751 3466 894 3530 Glossar.
918 3465 999 3526 med.
1029 3475 1061 3526 et
1082 3465 1140 3525 ius.
1163 3461 1218 3524 Gr.
1262 3500 1265 3505 ‚

119 3591 209 3652 Tem.
234 3589 252 3652 Ι
273 3610 304 3673 Ρ.
328 3588 391 3653 991
421 3610 505 3670 seqq.
529 3601 562 3653 et
584 3589 689 3650 Gloss.
718 3588 799 3648 med.
830 3595 863 3648 et
883 3585 940 3645 ini.
962 3583 1035 3646 Lat.
1059 3584 1094 3644 in
1116 3578 1217 3645 Nero.

252 3710 294 3773 V.
320 3709 372 3774 61.
418 3703 468 3768 ἀπ’
492 3698 556 3767 ὅσα
577 3709 718 3795 plehejus
740 3707 845 3770 sermo
876 3717 1009 3790 usurpat
1035 3723 1094 3789 pro
1117 3691 1219 3764 ὁπόσα

122 3833 173 3896 vel
202 3834 310 3917 potius
343 3854 401 3918 pro
432 3825 524 3892 ὀποῖα
558 3833 708 3912 antiquae
743 3828 937 3912 graecitatis.
994 3827 1098 3890 Hodie
1131 3842 1216 3902 vero,

121 3976 218 4037 quum
239 3944 439 4028 ὁποιαὸήποτέ
465 3955 648 4034 invaluerit,
672 3957 708 4017 in
723 3953 833 4039 paucis
855 3949 958 4012 adhue
976 3950 1130 4012 Graeciae
1145 3966 1217 4031 pro-

119 4078 234 4141 vinciis
256 4076 384 4140 auditur
405 4068 456 4134 ἀπ’
476 4066 542 4134 ὅσα
565 4077 614 4140 vel
636 4066 752 4135 ἀπόσα.
804 4073 917 4135 Obiter
945 4072 1135 4149 moneo,=in
1158 4066 1219 4130 hac
1280 4144 1282 4156 .

123 4201 272 4280 dictione,
296 4209 332 4264 ut
355 4201 390 4263 in
412 4198 523 4262 multis
546 4199 636 4277 aliis,
660 4198 801 4262 litteram
823 4209 949 4260 tenuem
973 4207 1049 4260 ante
1072 4192 1219 4278 spiritum
1256 4239 1259 4244 ,

1263 4334 1277 4367 Ι
