2700 4672
1110 267 1179 343 139

208 459 250 527 V.
274 458 350 529 406.
394 451 528 530 ono'moo
549 480 607 549 per
628 479 794 547 syncopen
815 461 992 526 breviatum
1014 483 1056 528 ex
1077 453 1180 527 συκῶ.

103 606 149 649 oo.
194 584 281 651 Vide
303 606 384 672 quae
407 585 542 673 exposui
563 585 605 649 ad
628 603 708 648 vers.
732 581 806 650 339.
844 617 888 631 —-
924 579 1094 659 ἕχυᾷῗααν
1113 588 1180 653 vul.

103 709 201 772 ariter
227 721 261 773 et
289 712 328 774 ob
358 710 454 773 matri
481 707 586 792 legent
614 727 674 794 pro
702 694 880 783 ἐκύησαν.
931 707 979 774 01.
1001 709 1108 775 adnot
1138 713 1180 778 ad

103 851 154 896 trs.
179 829 254 897 379.

208 954 250 1017 V.
274 951 349 1018 408.
396 946 461 1014 τὸν·
483 943 620 1033 τράφον,
646 953 779 1033 antique
806 942 862 1028 τὴν
888 937 1017 1033 τάφρου.
1067 954 1180 1040 Penei,

102 1076 161 1141 nod
181 1096 242 1142 nos
265 1076 391 1160 quidem
413 1077 569 1155 seimus,
592 1075 676 1161 apud
698 1085 822 1138 veteres
843 1064 862 1135 ὃ
882 1063 999 1157 τάφρος
1019 1077 1181 1162 dixerunt,

102 1183 188 1264 this
211 1200 371 1265 Aloidam.
394 1221 425 1288 p.
450 1199 493 1264 05
516 1199 565 1261 ed.
588 1197 703 1261 Reisk.
727 1207 760 1259 et
781 1195 973 1283 Apollodor.
996 1198 1023 1280 l,
1046 1198 1182 1281 8‚1.·-·

102 1307 329 1403 1999494401.
352 1343 437 1410 pass.
461 1322 550 1386 verbi
571 1315 681 1399 κρυβῶ
702 1313 890 1393 abscondo,
917 1331 955 1384 ut
981 1322 1068 1386 inira
1089 1345 1184 1392 versu

102 1442 154 1511 67.
198 1444 314 1530 Longe
330 1445 488 1510 usitatius
510 1441 608 1506 hodie
628 1451 680 1505 ost
700 1430 808 1521 sedeo
834 1441 892 1522 (ei.
914 1463 996 1507 vers.
1020 1442 1111 1530 490.)
1133 1449 1184 1514 rei

102 1568 185 1653 ragis
211 1569 310 1633 etiam
337 1568 538 1656 populariter
564 1556 711 1646 κρῦβγω,
744 1563 858 1645 quibus
890 1565 1002 1630 formis
1035 1570 1185 1653 signatur

102 1689 165 1756 iem
193 1691 277 1773 qnod
306 1692 392 1753 inest
417 1690 455 1753 in
482 1700 627 1754 veterum
654 1688 749 1752 verbo
770 1673 903 1766 opsiano
945 1686 1041 1754 Haud
1063 1692 1186 1777 injuris

101 1833 192 1878 amen
216 1813 337 1877 Coraes
357 1803 477 1874 Ἀτακν.
500 1823 578 1876 tom.
600 1808 663 1876 IV.
684 1830 716 1898 p.
739 1805 808 1873 959
833 1798 941 1892 teddo
963 1825 1069 1878 aetate
1095 1819 1186 1902 prins

101 1936 181 1999 sisse
213 1948 324 2000 eenset
351 1956 448 2018 quam
475 1924 616 2016 nodoso,
643 1933 677 1997 id
706 1932 789 2016 quod
818 1933 854 1997 in
882 1935 993 1999 iormis
1022 1930 1133 2019 βλάβω
1154 1953 1188 2006 et

101 2047 210 2117 inissa>
232 2060 408 2142 contigisse
429 2059 581 2123 videmus.
630 2056 724 2120 Unus
746 2055 851 2119 adhue
877 2056 1038 2124 Homerus
1064 2063 1188 2152 simpli.

102 2183 171 2245 iore
193 2181 295 2245 forma
319 2179 374 2245 hie
397 2179 468 2243 illio
488 2180 599 2257 utitur,
623 2200 652 2241 e.
675 2199 702 2241 e.
726 2176 765 2241 ll.
788 2176 844 2241 lib.
866 2176 964 2260 xlx,
987 2179 1031 2245 89
1073 2175 1188 2264 tridin-

101 2326 133 2363 αι
159 2294 198 2366 δὲ
219 2292 310 2386 λιγύς
336 2323 392 2383 περ
421 2291 482 2362 idn
507 2290 677 2383 ἀγορητής,
706 2299 823 2381 reliqui
849 2313 1036 2366 constanter
1062 2297 1190 2385 ptdsro

103 2428 239 2492 eribant.
285 2424 458 2491 Probabile
479 2425 596 2509 igitur,
618 2425 691 2507 jam
712 2423 846 2505 antiqno
872 2441 951 2488 sevo
979 2425 1016 2490 in
1041 2429 1191 2516 populari

101 2570 235 2614 ermone
257 2551 421 2614 exstitisse
441 2536 549 2630 κρῦβω
570 2567 630 2634 pro
651 2531 785 2626 κρύπτω.

158 2702 164 2710 -
219 2671 262 2738 V.
285 2668 361 2738 400.
404 2661 444 2731 σὲ
466 2671 488 2734 1.
511 2664 542 2732 e.
562 2659 638 2746 sini,
660 2663 714 2745 εἰς,
735 2679 772 2733 ut
793 2668 930 2760 vidimus
952 2669 1074 2766 diaiogi
1096 2693 1123 2736 v.
1145 2672 1177 2740 9.

220 2794 265 2858 V.
288 2793 364 2860 410.
408 2783 494 2854 ἀλλὰ
512 2783 647 2874 ’ντροπή’
672 2792 695 2856 ἰ.
718 2812 746 2855 ο.
769 2780 855 2850 aittd
877 2782 1032 2873 ἀκροατήν.
1080 2795 1114 2861 Α
1135 2816 1192 2863 tio·

100 2929 176 2984 strae
198 2919 371 2983 memoriae
394 2917 528 2982 Graoois
551 2902 677 2997 inponi
699 2913 750 2978 vel
772 2915 812 2978 de
829 2911 963 3002 pudore
993 2916 1043 2981 vel
1070 2917 1110 2983 de
1137 2918 1193 2987 de·

100 3041 212 3108 iecore
234 3043 369 3128 eapitur.
392 3073 437 3088 -
459 3029 503 3100 νά
523 3032 577 3120 ’κῃ
599 3039 621 3102 i.
645 3059 673 3100 e.
695 3026 740 3098 νὰ
761 3023 839 3118 ἔκη’.

223 3162 266 3226 v.
291 3163 365 3228 411.
410 3149 596 3241 saponaria
621 3160 813 3242 adjectivum
835 3180 856 3223 a
878 3162 973 3225 verbo
994 3155 1150 3245 ξεχωρίςω
1171 3167 1194 3232 i.

100 3310 120 3352 e.
142 3282 311 3373 disJ'tmgo,
332 3303 468 3369 separo,
489 3278 659 3368 distinguo
681 3282 862 3350 formatum.
905 3283 965 3348 Est
986 3285 1086 3368 igitar
1099 3291 1195 3368 ξιχω.

99 3398 195 3506 pardo
228 3404 422 3495 disjunctus.
473 3406 607 3471 erastus
634 3404 711 3470 nt
738 3405 887 3471 adverbio
908 3407 1056 3471 reddidit.
1100 3416 1197 3489 gemo.

99 3526 183 3614 ρίζω,
206 3543 359 3595 constans
386 3531 628 3618 praepositione
650 3523 684 3606 ἐξ
710 3528 807 3608 (lieet
830 3530 1037 3614 transpositis
1059 3529 1197 3615 litteris)

99 3645 500 3736 semitonorumque
533 3641 693 3730 e'nxoot'ga
714 3658 838 3712 munta
864 3648 1105 3732 significatione
1132 3674 1199 3721 mtt-
1267 3623 1270 3636 .

99 3781 204 3858 navit,
226 3778 275 3841 ita
296 3785 333 3839 ut
354 3774 396 3841 ad
417 3783 606 3862 potestatam
628 3771 786 3859 slmpiieis
807 3761 931 3852 χωρίζω
953 3772 1094 3838 redierit.

229 3898 273 3962 V.
296 3895 373 3962 419.
418 3891 534 3978 ἐπῆγεν
562 3915 628 3962 aor.
651 3896 719 3959 ind.
742 3893 832 3960 verbi
852 3884 963 3978 adpo,
991 3895 1031 3958 de
1058 3917 1120 3979 quo
1147 3901 1201 3986 egi

99 4027 140 4092 ad
162 4043 246 4089 vers.
269 4018 343 4086 303.
366 4055 411 4066 -
438 4011 521 4080 σπίτι
543 4018 684 4106 explicui
704 4018 746 4083 ad
767 4038 850 4084 vers.
868 4016 927 4085 61.
956 4051 998 4068 ·-
1027 4004 1130 4099 donor
1151 4043 1202 4092 re.

99 4144 201 4238 tiquit
222 4166 289 4211 aor.
312 4144 380 4208 ind.
401 4154 464 4207 aet.
487 4142 577 4206 verbi
598 4131 709 4219 ἁφῖνω.
753 4141 805 4208 Gi.
827 4141 972 4209 advers
995 4139 1070 4208 399.

235 4267 280 4331 V.
301 4264 377 4333 413.
423 4252 535 4349 &aede
562 4260 711 4336 vocavit.
759 4263 839 4333 Alia
871 4264 968 4354 hujus
1000 4267 1203 4352 significatus
