2700 4672
1158 312 1188 345 ρ

132 458 251 526 supro,
271 436 433 523 super-ius.
479 438 583 523 Varia
602 453 709 513 tamon
728 457 795 535 eJus
812 456 954 535 affl
974 476 1025 535 ,ἢ
1045 484 1099 535 a.
1138 489 1202 550 η,

130 559 292 642 Dohdquii
313 560 399 624 Diet.
423 561 478 623 Gr.
503 561 585 625 mod.
606 564 704 629 irone.
725 590 750 633 ι
769 573 799 639 Ιι.
818 600 847 643 v.
891 588 1030 671 hym
1051 596 1150 663 m
1167 618 1206 673 a,

129 685 262 764 antiquo
289 675 394 742 ἐπάνω
420 695 499 747 nota
525 683 682 749 vocalium
701 709 726 747 α
745 702 778 755 ot
796 717 813 753 e
835 700 1057 795 almum,

1082 716 1126 779 ⁴0
1147 740 1206 807 v·

130 807 282 870 disseruit
303 804 504 869 Matthiaeus
528 805 669 870 Gramm.
693 808 747 871 Gr.
766 832 838 899 pag.
858 817 900 884 ll
920 828 965 889 ed
984 830 1016 893 2

260 926 302 991 V.
328 925 401 990 121.
446 916 588 986 ἅπόκοτα
614 928 665 991 vel
686 941 723 1003 ut
743 931 801 996 alii
821 940 961 1006 soribtmt
981 938 1133 1017 o’mdowm
1149 982 1207 1029 aa,

128 1046 258 1112 dacter.
304 1039 456 1118 oiodxoroo
471 1051 700 1113 recentioribus
716 1050 846 1121 Grueois
861 1073 909 1123 est
927 1062 1136 1146 temerarius,
1155 1098 1211 1141 au.

126 1170 215 1252 dax,
234 1190 384 1256 procax,
403 1167 576 1254 petulans,
598 1169 780 1248 animosus,
801 1174 981 1263 confidens,
1007 1189 1096 1270 eujus
1115 1198 1215 1259 nomi.

125 1296 179 1358 nis
201 1293 308 1357 varias
330 1292 545 1356 derivationes
574 1295 711 1357 tentavit
740 1293 860 1360 Coraos
887 1302 928 1365 ad
953 1302 1114 1372 Heliodor.
1141 1320 1215 1397 Μερ.

126 1405 155 1496 β
176 1417 242 1476 oei.
267 1412 341 1495 147,
363 1410 459 1500 porro
479 1414 521 1477 ad
537 1413 769 1499 Ptoohoprodr.
785 1436 857 1502 pag.
873 1416 937 1483 305
952 1422 1085 1505 deniquo
1096 1419 1213 1498 ’Am

125 1539 216 1602 Tom.
237 1535 272 1599 11
294 1556 368 1622 pag.
384 1533 427 1599 50
447 1548 531 1617 seqq.
577 1535 664 1599 Mihi
686 1539 780 1602 unico
802 1558 841 1602 ea
862 1541 1014 1624 probatur
1036 1546 1215 1634 originario,

125 1679 206 1742 quae
228 1671 261 1721 ot
283 1659 346 1743 ipsi
369 1659 510 1720 omnium
533 1658 673 1721 maxime
695 1657 826 1743 placuit,
849 1679 913 1741 qua
936 1660 1098 1727 deducitur
1115 1657 1217 1731 aruir.

123 1798 191 1858 roo,
218 1798 280 1861 quo
306 1780 439 1841 nomine
466 1778 583 1842 Graeoi
610 1780 715 1842 media
742 1792 848 1844 aetate
875 1777 985 1846 tulum
1005 1784 1216 1869 appellabant.

122 1902 203 1966 Inde
224 1900 317 1966 fluxit
337 1890 463 1973 κοττίςω
486 1910 518 1963 et
539 1900 649 1965 addita
669 1903 908 1989 praepositione
931 1892 1117 1977 οἷπωωπίςω
1135 1906 1218 1974 talis

122 2046 179 2091 seu
200 2018 336 2089 tesseris
357 2018 445 2086 ludo,
489 2023 632 2086 Proinde
653 2013 821 2095 dudmrroc
842 2025 994 2111 primitus
1020 2022 1143 2089 ridetur
1161 2046 1217 2093 no.

123 2147 274 2223 minatus,
291 2145 428 2227 quirem
450 2143 541 2207 aleae
562 2143 693 2230 plenam
713 2147 850 2232 suscipit
871 2159 965 2228 atque
987 2144 1108 2209 ideireo
1123 2156 1220 2213 temo·

122 2268 232 2332 sitatis
253 2278 363 2329 notarn
385 2265 523 2348 effugere
545 2285 613 2328 non
635 2275 749 2349 potest.
772 2300 815 2312 -
837 2256 877 2327 rol
897 2259 991 2347 χέρια
1012 2275 1088 2329 sunt
1101 2272 1220 2333 monuo
1326 2310 1329 2315 -

121 2392 160 2453 iu
182 2388 331 2451 oiteriore
353 2386 544 2451 Graeoitoto.
587 2387 683 2449 Nom.
707 2388 791 2477 sing.
813 2401 864 2450 ost
885 2381 918 2446 od
940 2380 1026 2467 χέρι,
1051 2368 1221 2451 deminuti.

121 2531 196 2575 vum
225 2509 376 2589 antiquae
401 2507 572 2572 locutionis
599 2499 678 2589 χείρ.
729 2508 778 2572 Cl.
806 2520 919 2573 notata
945 2508 987 2572 ad
1015 2527 1095 2571 vers.
1116 2504 1148 2571 6.
1176 2542 1220 2557 -

122 2621 249 2692 ἀπλὸωω
276 2625 431 2715 explico,
453 2627 634 2713 expando,
661 2627 809 2694 extendo
835 2628 868 2692 h.
889 2628 910 2691 l.
933 2629 1220 2693 intransitivum·

121 2752 223 2818 tendo
244 2773 297 2816 me
319 2772 390 2815 eum
410 2772 432 2810 ν
452 2751 598 2831 insitivo,
632 2752 671 2814 do
705 2771 765 2834 quo
800 2751 1005 2815 commentati
1036 2770 1146 2813 sumus
1179 2750 1220 2814 ad

121 2897 202 2940 vers.
225 2873 277 2940 tl.
320 2873 471 2958 Ejusdem
493 2869 641 2934 videlieet
660 2875 803 2937 notionis
826 2883 876 2934 est
900 2883 993 2952 atque
1016 2870 1113 2951 illud,
1137 2871 1220 2951 quod

121 2999 205 3085 opud
226 3009 348 3060 veteres
372 2994 500 3076 legitur,
523 2980 639 3051 ἁπλόω.
680 2993 765 3058 Vide
785 2991 1019 3074 Anthologiam
1034 2991 1221 3056 Palatinam

120 3116 464 3206 potueramus.
569 3162 574 3173 .

167 3257 178 3271 ·
251 3237 295 3300 V.
318 3235 392 3302 122.
436 3228 590 3318 ἄρχῖνησε
624 3225 744 3317 coepit.
798 3233 872 3300 Vid.
906 3233 1147 3300 adnotationem
1177 3234 1219 3298 ad

120 3380 202 3425 vers.
226 3358 256 3422 1.
283 3393 329 3406 -
356 3347 476 3440 ζαρόνω
492 3362 564 3443 Jom
587 3353 671 3440 apud
698 3352 797 3414 medii
821 3357 893 3419 oevi
918 3356 1092 3440 scriptores
1119 3352 1217 3417 valet:

119 3501 227 3569 rugos
248 3480 346 3556 docco,
368 3499 511 3566 carrago
533 3491 628 3560 atque
650 3477 780 3539 omnino
798 3474 975 3552 contraho,
996 3464 1140 3555 συνάγω,
1161 3493 1220 3532 συ.

119 3602 245 3664 στέλλω.
290 3603 338 3667 ct.
360 3603 509 3684 Ducang.
537 3599 642 3663 Gloss.
668 3619 699 3682 p.
723 3594 798 3659 459.
846 3595 981 3660 Natales
1007 3596 1103 3679 hujus
1130 3594 1218 3655 voeis

119 3728 167 3789 sio
188 3728 335 3790 uidentur
356 3745 427 3786 sese
450 3722 576 3791 habere.
622 3722 726 3794 Quum
749 3706 850 3795 σαίρω
872 3725 906 3776 et
927 3708 1032 3793 σαρὸω
1054 3719 1090 3781 in
1112 3725 1218 3777 vetere

118 3846 232 3928 lingua
264 3866 463 3910 communem
494 3843 635 3908 habeant
662 3833 818 3902 oernendi
846 3845 880 3900 et
906 3830 1017 3911 scopis
1043 3830 1219 3924 purgandi

119 3969 296 4047 notionem,
317 3986 420 4047 neque
441 3968 571 4033 dubium
600 3963 762 4039 videatur,
790 3960 868 4039 quin
890 3956 1049 4042 posterius
1070 3976 1091 4018 a
1111 3959 1218 4042 priora

118 4088 327 4153 derivandum
348 4089 408 4168 sit‚·
429 4088 503 4150 fiori
523 4097 638 4172 potest,
661 4096 698 4148 ut
718 4069 825 4161 σαρὸω
847 4079 938 4142 illurn
960 4095 1082 4158 quoque
1104 4074 1219 4141 habue-

119 4212 164 4275 rit
184 4209 413 4295 signifioatum,
436 4228 529 4291 quem
551 4206 647 4290 vulgo
668 4205 730 4269 soli
751 4193 853 4283 σαίρω
881 4199 1065 4278 tribuimus,
1088 4216 1150 4281 quo
1171 4208 1220 4259 ost
