2700 4672
1092 153 1157 231 141

50 369 153 428 vaano
180 370 262 433 quaa
289 359 339 414 ost
366 311 470 413 ionna
495 345 639 433 nugaris
667 348 688 413 3
715 368 798 437 pers.
827 347 872 440 pl.
895 370 962 427 aon.
985 351 1051 416 ind.
1073 374 1157 440 pass.

51 497 112 563 pro
136 465 346 555 ε’κρῦφβησαν
364 494 387 548 ο
409 473 573 561 praesenti
595 473 661 536 ind.
685 484 749 537 aot.
771 465 888 555 κρῦβω.
933 474 1012 541 Vid.
1026 476 1101 542 adn.
1118 479 1160 543 od
1223 461 1230 480 '

51 619 135 664 νοτε.
159 595 234 662 408.

184 719 228 786 V.
251 715 324 784 491.
371 709 452 779 οἰδὲν
473 717 524 784 vol
546 708 605 791 aab
626 719 803 804 vulgariter
824 739 884 809 pro
905 707 949 782 <io
968 713 1025 785 obv
1040 720 1159 807 sinon,

52 840 130 910 nisi.
155 877 197 892 ·-
219 831 263 903 νά
281 831 387 924 ’bobun
409 844 431 906 i.
457 864 485 906 ο.
508 831 552 904 ab
574 832 697 926 ἐλεήσῃ.

183 964 230 1028 .V.
254 961 329 1028 494.
374 957 513 1044 βλέποντι)
533 966 555 1029 1.
579 987 607 1029 ο.
630 958 792 1046 βλέπουσι.
822 999 867 1013 -
898 954 939 1027 roi
957 956 1091 1048 ’μμάνια
1112 970 1159 1035 di.

52 1089 192 1154 1νοίοονί
213 1089 255 1151 ad
277 1108 357 1152 νοτε.
383 1085 458 1152 198.
474 1108 524 1139 ·-
547 1087 599 1153 Do
621 1078 850 1168 ‹pontigodixi
871 1090 912 1154 od
934 1110 1015 1154 νοτε.
1040 1051 1115 1155 395.

184 1211 228 1275 V.
252 1207 327 1274 495.
372 1203 523 1292 περίσσα,
544 1222 582 1275 ut
604 1232 697 1277 versu
720 1208 795 1276 304.
818 1204 863 1260 -2
883 1209 989 1283 voiivoc
1015 1216 1086 1298 jum
1114 1214 1159 1279 1ο-

54 1337 159 1420 gimus
180 1355 275 1400 vorsu
297 1331 373 1398 919.

185 1455 232 1519 V·
255 1453 329 1521 496.
375 1441 510 1526 dibitove
543 1458 639 1520 metri
667 1476 767 1521 causa
799 1477 859 1545 pro
885 1447 1019 1528 ἀθλίους
1051 1480 1159 1542 quam.

54 1602 149 1665 quam
176 1579 290 1662 vulgus
318 1590 351 1643 ot
379 1580 413 1642 in
443 1578 585 1665 pedestri
614 1580 760 1642 oratione
797 1578 983 1665 plerumque
1015 1567 1159 1660 ἄθλους,

54 1691 197 1786 cimon,
219 1688 388 1781 ἅσχημους
409 1702 497 1779 dicit,
521 1713 698 1781 nocentum,
722 1701 826 1784 qualis
851 1703 889 1766 in
903 1723 990 1765 nom.
1006 1704 1091 1788 sing.
1108 1716 1160 1770 ost

10 1850 20 1891 :2
53 1829 92 1892 in
114 1825 247 1907 reliquis
270 1826 395 1889 casibus
417 1824 582 1907 utriusque
603 1825 729 1888 numeri
751 1845 891 1890 servans.
913 1858 958 1873 -
978 1815 1023 1886 voi
1037 1816 1160 1904 φονεύει

53 1969 113 2038 pro
134 1937 181 2008 fb.
201 1936 335 2024 φονεύει,
357 1958 393 2011 ut
414 1947 649 2012 observavimus
671 1949 712 2012 ad
735 1949 857 2032 dialogi
880 1968 960 2012 νοτε.
979 1948 1007 2013 1.

186 2068 229 2131 V.
253 2066 328 2134 498.
374 2060 605 2152 Μεριδάρπαγα
633 2070 687 2134 hio
720 2091 788 2136 non
818 2083 869 2159 ost
898 2071 1111 2138 Aoousativus
1137 2095 1159 2142 a

54 2181 267 2273 Μεριδάρπαξ,
290 2192 348 2255 sod
371 2192 538 2256 Genitivus
560 2214 581 2257 a
602 2183 850 2275 Μεριδάοπαγας
871 2196 1043 2276 formatus,
1065 2217 1159 2279 quem

54 2315 295 2380 Nominativum
317 2333 411 2378 vorsu
433 2310 498 2378 415
522 2314 712 2378 invenimus.
735 2350 778 2361 —
800 2304 883 2396 πάᾳῃ
905 2321 989 2400 oonj.
1011 2337 1080 2382 aor.
1096 2330 1157 2387 aot.

53 2439 143 2504 verbi
164 2428 283 2518 παίρνω
306 2437 346 2502 da
368 2457 429 2520 quo
454 2438 566 2500 aonios
587 2435 673 2500 dieta
696 2438 737 2500 ad
758 2436 894 2521 Dialogi
915 2459 998 2502 νοτε.
1023 2438 1074 2506 10.

184 2559 228 2624 V.
251 2557 344 2625 429<
370 2552 447 2630 Δίας
467 2581 526 2646 pro
542 2548 618 2630 Ζεὺς
638 2571 676 2624 ut
697 2580 795 2646 supra
816 2577 906 2625 νοτε.Ι
920 2557 997 2626 979.

184 2682 228 2746 V.
253 2681 327 2748 430.
372 2668 479 2763 ἥξευρε
499 2678 596 2746 scito.
640 2680 727 2779 Vido
748 2683 823 2746 adn.
847 2683 888 2746 ad
903 2682 1038 2768 Dialogi
1058 2704 1086 2749 ν.
1103 2685 1155 2751 13.

184 2804 228 2867 V.
252 2804 326 2873 431.
370 2795 497 2867 bovam
519 2806 542 2869 i.
565 2827 592 2873 ο.
614 2795 758 2867 δύναται.
809 2805 859 2870 cf.
883 2826 964 2889 quae
991 2810 1157 2876 observavi

52 2930 197 2996 advers.
219 2925 250 2992 4.
1195 2911 1198 2920 ’

183 3051 229 3117 .V.
251 3049 326 3116 439.
371 3045 522 3133 δώσομεν
543 3054 627 3136 oonj.
641 3052 758 3117 aoristi
771 3053 970 3134 recentioris,
981 3056 1070 3119 verbi
1080 3047 1157 3116 δι’δω

52 3195 115 3266 pro
136 3166 249 3252 δίδωμι
270 3193 356 3237 nuno
371 3175 493 3254 usitati,
515 3195 609 3256 quom
624 3176 780 3240 aoristum
796 3180 867 3260 jam
880 3197 979 3265 supra
992 3198 1074 3243 νοτε.
1092 3176 1158 3246 338

53 3298 242 3387 reporimus.
265 3329 309 3342 --
330 3284 438 3377 πάρης.
462 3297 501 3359 oi.
523 3293 606 3362 νοτε.
628 3294 704 3362 498.

186 3417 230 3482 V.
254 3412 328 3482 433.
373 3408 517 3500 σύννομα
538 3429 575 3484 ut
596 3441 692 3486 versu
716 3419 789 3487 186.
816 3456 861 3470 -
887 3415 1027 3506 bobeno
1047 3443 1157 3491 τοοοττ·

53 3545 189 3609 tionibus
211 3553 261 3605 ost
282 3538 392 3605 animi
414 3538 525 3618 dolor,
546 3561 690 3624 innovor,
712 3564 809 3618 curo,
831 3541 1037 3622 sollicitudo,
1057 3543 1158 3612 mole·

52 3663 137 3743 otia,
158 3660 363 3750 indignatio.
386 3697 429 3710 -
452 3652 496 3723 voi
516 3654 625 3744 παύσῃ
647 3666 687 3727 oi.
709 3665 783 3762 adn
805 3665 851 3734 ad
868 3685 951 3730 νοτε.
974 3664 1050 3733 399.

184 3786 230 3849 V.
253 3782 328 3852 431.
374 3773 459 3867 ὅρισε
470 3785 504 3848 ,1.
526 3805 554 3848 ο.
578 3771 685 3866 ὅρισον
705 3781 849 3872 impera.
899 3786 977 3853 Vid.
1000 3809 1081 3872 quoa
1102 3791 1157 3857 ad-

52 3912 235 3978 notavimus
257 3910 299 3973 ad
321 3908 444 3992 dialogi
466 3927 548 3972 νοτε.
571 3905 604 3972 9.
625 3945 671 3958 -
692 3901 734 3970 voi
751 3907 798 3988 πᾷ
819 3910 961 3999 explicui
977 3912 1019 3978 ad
1035 3934 1066 3980 ν.
1083 3911 1155 3981 181.

54 4035 106 4100 Cf.
128 4043 295 4123 praeterea
317 4051 398 4115 quae
420 4032 603 4095 notavimus
625 4032 667 4099 ad
687 4053 769 4098 νοτε.
792 4031 866 4101 303.

185 4156 229 4219 V.
252 4152 327 4222 435.
371 4141 545 4237 βορὲάοαου
565 4156 662 4224 noni
684 4175 783 4227 osuiu
797 4175 864 4258 'pro
884 4156 1066 4244 βορὲαοῶυ.
