2700 4672
217 194 264 266 to

217 381 350 466 στάδην.
395 385 517 452 Hister.
541 385 711 473 Apollonii
734 385 830 467 Tyrii
851 379 880 444 κ’
912 377 968 446 ἕνα
997 380 1094 448 κλειδὶ
1115 382 1157 449 nol
1181 386 1323 451 ure'naroa

217 511 260 585 εἰς
281 500 322 572 rol
340 499 427 570 ’δικά
449 527 504 569 του
525 502 629 588 χέρια,
651 529 744 590 quem
767 507 873 572 locum
894 509 1041 594 Ducang.
1066 512 1162 596 gloss.
1187 516 1323 580 medat

216 638 273 700 ini.
297 654 345 719 gr·
368 652 440 720 pag.
468 629 562 696 1439.
586 631 723 694 laudans
744 630 830 694 male
851 632 984 719 scripsit
1005 625 1110 709 κλειδή
1131 657 1182 695 να.
1279 658 1283 664 ·

346 745 488 833 ‹leobaldo›
510 755 531 816 i.
556 775 583 817 e.
613 743 857 836 olvaytyvaloxe.
908 756 1075 831 Quomodo
1104 755 1238 844 legendi
1264 781 1321 825 no-

216 883 262 945 tio
284 882 321 943 in
343 877 405 940 hoc
427 876 615 939 vocabulum
638 876 732 939 illata
754 878 808 958 sit,
831 878 968 942 sortasse
991 899 1057 942 non
1080 881 1211 946 difficile
1234 885 1321 947 dictu

215 1015 274 1067 est.
297 988 441 1079 διαβάζω
462 1020 530 1063 non
553 1000 703 1063 existimo
724 1020 782 1086 pro
806 1003 983 1086 composito
998 1004 1215 1086 antiquissimi
1231 1009 1320 1071 verbi

215 1115 324 1205 βάζειν
345 1118 439 1206 loqui
460 1119 644 1185 habendum
666 1143 747 1203 esse,
769 1123 826 1185 sed
848 1124 934 1187 idem
956 1126 1054 1189 luisse
1069 1128 1219 1214 primitus
1235 1132 1319 1210 quod

213 1237 388 1326 διαβαδίζω
415 1255 448 1306 et
474 1234 631 1322 διαβαίνω
658 1246 680 1307 i.
705 1265 731 1307 e.
761 1253 911 1327 trenaee,
946 1252 1035 1333 cujus
1067 1249 1317 1330 significationis

212 1370 376 1459 praesidia
398 1387 470 1430 cum
491 1365 633 1446 aliunde,
656 1379 724 1430 tum
746 1389 788 1430 ex
810 1366 1011 1434 substantivo
1034 1358 1132 1450 βάδος
1155 1373 1215 1453 (ci.
1240 1374 1317 1437 Ari-

212 1491 317 1579 stoph.
342 1510 390 1554 av.
414 1486 486 1569 lt‘l.)
508 1490 575 1574 peti
597 1501 743 1575 possunt.
777 1492 901 1567 Quodsi
916 1492 1080 1578 probabile
1095 1506 1152 1573 est,
1171 1485 1316 1574 διαβάςω

211 1615 341 1704 proprie
364 1611 500 1675 valuisse
525 1614 723 1693 tantundem,
747 1625 899 1694 quantum
920 1606 1091 1693 διαβαίνω,
1113 1618 1236 1680 nemini
1260 1619 1316 1681 du-

211 1741 299 1803 bium
321 1737 394 1813 erit,
417 1735 495 1816 quin
517 1756 558 1798 ex
581 1731 782 1798 transeundi
807 1749 971 1821 potestate
999 1735 1134 1823 legendi
1162 1740 1210 1802 vis
1239 1762 1314 1805 mox

212 1862 368 1925 exsistere
389 1858 542 1942 potuerit,
565 1878 646 1942 quae
668 1860 828 1944 posterior
855 1860 990 1939 mansit,
1014 1858 1091 1922 licet
1112 1864 1203 1947 prior
1223 1884 1313 1950 pror-

163 1967 170 1977 ’
210 2005 265 2048 sus
287 1980 462 2044 evanuerit.
507 1979 583 2042 Non
606 1980 701 2044 aliter
724 1979 847 2043 Gellius
870 1979 941 2060 lx,
965 1979 995 2044 lt.
1019 1981 1144 2047 locutus
1166 1997 1223 2064 est,
1242 1989 1312 2068 qui:

211 2125 294 2187 „eos
322 2102 421 2165 libros
444 2122 566 2182 omnes,
594 2104 715 2184 inquit,
745 2103 863 2166 duabus
891 2105 1050 2189 proximis
1072 2107 1219 2170 noctibus
1242 2129 1312 2172 cur·

208 2229 270 2293 sim
292 2221 454 2291 transeo”
476 2223 509 2288 h.
525 2247 552 2288 e.
575 2225 714 2311 perlego.

341 2348 384 2410 V.
408 2346 438 2413 5.
483 2346 540 2408 rob
571 2336 756 2424 σοφώτατου
782 2349 878 2412 metri
906 2368 1002 2413 causa
1028 2369 1088 2435 pro
1116 2341 1311 2429 σοφωτάτου.

208 2474 294 2537 Nam
316 2471 501 2555 Demetrius
516 2472 627 2533 Zenus
648 2471 771 2556 pariter
793 2481 888 2552 atque
911 2472 969 2536 alii
991 2483 1115 2557 poetae,
1133 2477 1186 2555 qui
1201 2476 1310 2560 politi-

210 2597 256 2659 cis
278 2595 419 2687 versibos
442 2594 495 2656 usi
516 2603 601 2672 sunt,
624 2594 718 2654 metri
741 2613 838 2656 causa
859 2606 1047 2658 accentuum
1061 2596 1168 2659 sedem
1184 2612 1310 2665 mutare

209 2737 371 2800 nunquam
406 2716 640 2794 reformidavit,
676 2719 767 2798 cujus
801 2720 931 2799 generis
963 2718 1064 2781 multa
1097 2721 1245 2806 exempla
1276 2734 1309 2785 et

209 2841 365 2904 Carmina
392 2836 602 2924 populariae
628 2838 788 2902 Faleriale
816 2840 965 2919 (Chants
993 2839 1178 2925 populaires
1207 2844 1247 2905 de
1274 2844 1307 2908 la

208 2963 310 3026 Grbce
332 2961 493 3037 moderna
517 2961 677 3025 recueillis
700 2974 733 3026 et
753 2963 877 3048 publibs
898 2981 959 3048 par
981 2961 1018 3024 C.
1040 2960 1178 3024 Fauriel.
1207 2962 1306 3029 Deux

207 3096 317 3148 tomes.
364 3084 384 3144 b
417 3082 513 3144 Paris
547 3081 632 3147 1824
665 3097 699 3149 ct
735 3085 846 3166 1825.)
878 3085 964 3147 edita
1003 3083 1177 3145 continent.
1233 3085 1307 3151 Etsi

204 3204 516 3291 enim'politicorum
538 3227 685 3272 versuum
707 3210 791 3272 ratio
812 3204 962 3294 postulat,
985 3216 1022 3267 ut
1042 3218 1156 3292 poetae
1179 3208 1214 3269 in
1231 3229 1305 3271 con-

205 3328 318 3392 dendis
347 3325 442 3409 hujus
470 3331 599 3412 generis
627 3331 823 3395 carminibus
849 3330 1015 3391 verborum
1043 3343 1209 3392 accentum
1233 3342 1303 3394 tan-

204 3470 298 3531 quam
321 3469 467 3514 normam
489 3464 678 3535 sequantur,
700 3449 750 3513 illi
771 3462 880 3512 tamen
902 3451 985 3513 mira
1013 3471 1244 3533 nonnunquam
1265 3453 1304 3515 li·

204 3574 310 3635 centia
336 3573 399 3635 sibi
426 3582 531 3637 sumta
558 3593 617 3658 pro
644 3572 802 3634 arbitratu
830 3584 996 3636 accentum
1023 3586 1199 3637 mutarunt.
1245 3571 1303 3638 Sic

203 3695 390 3760 Theodonrs
413 3696 609 3759 Prodromus
631 3694 670 3757 de
692 3707 882 3783 paupertate
904 3717 963 3761 sua
985 3717 1066 3761 vers.
1091 3694 1144 3761 47.
1172 3718 1245 3784 pag.
1271 3697 1301 3762 3.

199 3819 247 3881 ed.
274 3818 363 3882 Con:

209 3947 213 3953 ’
310 3938 337 3999 εἰ
357 3930 421 4020 γὰρ
440 3927 496 3995 καὶ
518 3930 616 4013 λέξων
636 3925 811 4020 ἤρχομηυ
826 3938 1062 4021 ponz-oniaco&
1076 3931 1147 4010 rode
1164 3933 1280 4021 λόγους

199 4075 329 4129 eivers.
354 4059 406 4124 ll).
431 4055 465 4118 ἒν
487 4051 539 4121 ool
559 4051 624 4143 γὰρ
647 4055 872 4144 ε’γκατοῖκησεν
891 4059 910 4138 ἡ
932 4060 988 4123 τοῦ
1017 4061 1096 4132 θεοῦ
1122 4058 1300 4146 προνοῖα,

200 4190 235 4250 ἰιι
258 4188 369 4268 quibus
392 4183 472 4249 locis
495 4206 553 4272 pro
576 4173 718 4268 ἧρχομην
740 4200 773 4251 et
794 4178 924 4267 προνοία
953 4187 1202 4272 exspectandum
1230 4201 1301 4252 eret
