2700 4672
98 393 164 460 Sed
186 404 392 481 posteaquam
414 391 592 475 adolevere,
616 395 739 478 egressi
760 407 836 462 sunt
857 397 893 464 in
915 399 1087 486 publicum.

96 529 245 592 Primum
265 527 429 593 interiecit
449 527 590 613 pessima
612 525 699 588 lcles.

95 660 200 722 Nacta
223 670 273 721 est
292 677 365 721 eum
381 667 491 738 extra,
514 659 569 722 ubl
592 658 739 721 currebat
760 656 862 744 (heu)
885 672 919 727 et
941 665 1027 752 cepit
1048 687 1136 752 eum;

95 812 165 854 cum
188 793 258 877 ipso
280 789 375 854 modo
397 788 486 869 lusit,
509 788 565 852 sed
587 800 700 875 postea
723 790 887 856 devoravit
908 814 988 859 eum.

94 923 244 988 Alterum
267 941 377 984 rursus
400 909 552 1006 ceperun't
574 921 635 984 viri
656 922 847 1004 saevissimi,

94 1056 129 1117 in
152 1051 337 1138 muscipula,
361 1070 440 1133 quac
462 1062 513 1115 ast
533 1051 845 1118 formidolosissima.

94 1185 192 1248 Multi
215 1205 286 1247 eam
310 1183 482 1250 nominent
504 1183 695 1270 decipulam,
717 1203 799 1267 quae
820 1186 926 1273 perdit
994 1212 1001 1223 ⁸

93 1338 199 1380 mures
222 1314 395 1393 malitiose,
418 1324 452 1377 ct
474 1313 515 1376 ad
536 1327 672 1378 mortem
694 1336 749 1379 cos
771 1319 867 1404 rapit.

17 1452 21 1460 '
94 1450 224 1514 Tertius
246 1457 317 1510 erat
338 1445 473 1508 dilectus
495 1443 577 1508 mihi
599 1457 633 1509 ct
653 1449 753 1512 matri
774 1467 869 1527 suae;

93 1579 230 1642 nrultum*
249 1576 337 1641 hunc
359 1577 546 1657 amavimus,
569 1578 646 1660 quia
667 1589 739 1642 erat
760 1579 884 1644 amous.
908 1627 919 1645 ,

93 1711 141 1775 Eo
164 1731 215 1773 me
237 1709 403 1796 privarunt
424 1727 525 1773 ranae
547 1708 757 1795 deceptricem

93 1841 348 1930 praecipitarunt
370 1859 441 1903 eum
463 1841 573 1904 furtim
595 1841 631 1903 in
653 1839 813 1927 paludem,
836 1850 872 1905 ut
894 1854 1081 1909 moreretur.

94 1976 295 2055 Quamquam
315 1993 391 2037 vero
412 1971 500 2036 solus
522 1992 583 2058 ego
604 1966 719 2060 passus
741 1992 812 2037 sum
835 1970 897 2038 hoc
917 1975 1139 2059 infortunium,
1247 2045 1249 2048 Α

93 2118 201 2170 tamen
224 2105 400 2168 communis
423 2105 569 2168 omnibus
592 2114 642 2168 est
664 2105 792 2188 inJ’uria.

93 2234 135 2301 st·
155 2235 263 2315 vultis,
285 2237 426 2300 vindicta
447 2247 483 2299 ut
504 2235 572 2317 liat,
595 2256 642 2314 nc¹
659 2257 829 2315 cessemus,

93 2368 150 2430 sed
160 2368 305 2431 ineamus
321 2367 467 2430 ordinem
485 2365 554 2445 (ie.
562 2366 598 2428 in
610 2366 680 2429 aeia
690 2384 750 2431 nos
758 2364 964 2450 collocemus>
976 2385 1037 2434 nee
1048 2372 1192 2457 neglige.

92 2499 196 2566 Arma
217 2496 356 2562 artificio
378 2498 469 2562 varia
490 2485 701 2578 inveniamus,
723 2507 760 2560 ut
781 2497 962 2580 induamur,
1095 2503 1191 2584 [mus.

93 2648 323 2714 congregemur
345 2629 546 2706 annotinos,
568 2639 605 2693 ut
626 2627 777 2691 vadamus
800 2629 964 2692 inventum
986 2629 1070 2695 illos.

92 2762 210 2826 Verbis
233 2759 287 2825 hic
308 2759 408 2824 linem
429 2726 592 2847 imposuit,
614 2757 719 2822 atilli
741 2758 991 2861 responderunt:

93 2894 198 2957 cuncti
220 2889 410 2957 moriamur!
432 2902 467 2955 et
488 2886 523 2955 in
544 2890 613 2954 acie
635 2910 672 2954 sc
694 2889 903 2954 collocarunt.

93 3024 225 3102 Audite,
249 3027 338 3108 eujpaa
361 3024 489 3107 generis
511 3022 630 3087 luerint
652 3041 742 3085 arma
764 3036 884 3086 eorum.

92 3156 196 3219 Fabas
218 3154 335 3218 virides
357 3155 531 3234 sciderunt,
553 3166 587 3218 et
608 3164 759 3217 texerunt
779 3173 873 3217 suras
894 3173 979 3219 suas.

92 3285 312 3349 Luceruarum
335 3295 520 3369 tegumenta
542 3282 681 3349 habuere
703 3303 763 3372 pro
785 3285 899 3365 scutis3

91 3418 208 3502 longae
230 3437 306 3481 acus
328 3417 450 3485 lervcae
472 3428 566 3480 erant
587 3414 717 3495 hastae;

91 3550 241 3614 viridium
263 3548 403 3612 cicerum
423 3550 590 3636 putamina
613 3546 794 3611 habuerunt
815 3547 851 3610 in
874 3546 1040 3630 capitibus,

92 3692 125 3744 et
146 3699 260 3768 corpus
283 3691 486 3744 armaverunt
508 3678 655 3743 omnibus
676 3675 810 3756 reliquis
832 3673 1024 3754 (membris)
1044 3672 1167 3736 melius.

91 3810 179 3878 Felis
200 3811 315 3896 pellem
338 3812 549 3890 invenerunt*
563 3827 644 3889 quae
665 3816 737 3870 erat
758 3805 936 3891 explicata,

92 3961 224 4023 caroque
247 3939 379 4004 calamis
399 3940 615 4028 pulcherrime
636 3937 858 4003 extenderunt·

93 4073 257 4138 Thoraoes
278 4092 320 4135 cx
341 4089 382 4134 ea
403 4073 556 4150 lecerunt,
578 4081 615 4134 ut
635 4091 670 4134 sc
694 4066 899 4133 ostenderent
920 4062 1074 4128 efferatos.
1121 4115 1124 4118 .

91 4203 162 4269 Hoc
183 4204 276 4268 ruodo
298 4223 404 4268 mures
426 4212 520 4267 erant
538 4202 665 4266 armati.

901 4322 951 4390 <pa
