2700 4672
201 170 272 244 178

200 365 251 433 01.
287 367 425 433 Coraem
458 365 498 431 de
531 364 594 431 hoe
627 367 724 431 verbo
756 366 972 455 disputantem
997 363 1120 447 Ἀτακτ,
1151 370 1308 436 ‘10le

172 512 230 584 ⁸p.
253 489 331 556 665.
374 490 505 578 Duplex
528 493 595 554 iere
615 500 760 577 potestas
783 490 878 575 hujus
900 495 988 557 verbi
1011 498 1071 573 est,
1094 494 1198 558 altera
1218 492 1309 560 voci-

189 611 360 704 ferandi,
387 611 583 687 clamandi,
611 611 945 689 committendi,
972 615 1076 680 altera
1102 615 1254 682 vocandi
1274 629 1308 684 et

200 734 408 802 advocandi.
462 740 570 815 Quum
598 737 688 823 prior
719 734 773 800 hie
801 720 906 801 locum
933 738 1051 802 habeat
1079 761 1119 803 ae
1145 741 1186 804 de
1214 743 1306 805 ranis

200 874 326 946 agatur,
350 852 519 939 ε’φώναςαν
541 880 613 922 eum
642 859 757 923 Crusio
784 861 881 923 verti:
908 859 1125 925 coaxatum.
1159 899 1204 910 —
1234 851 1307 944 ἑκά.

200 1006 263 1043 cau
284 985 380 1046 metri
403 1002 499 1046 causa
522 1003 580 1067 pro
604 968 736 1059 ἔκαναν,
756 993 793 1046 ut
814 1003 913 1070 supra
934 1005 1028 1049 versu
1052 983 1126 1050 157.

330 1105 375 1168 V.
398 1102 472 1169 316.
517 1092 631 1182 igunae
647 1106 720 1168 fem.
737 1125 796 1192 pro
814 1091 951 1183 ἔξυπνος
995 1106 1044 1171 01.
1062 1108 1136 1172 adn.
1153 1109 1195 1173 ad
1210 1130 1239 1171 v.
1253 1104 1305 1174 18

199 1231 292 1294 Nove
321 1227 376 1293 hie
404 1215 518 1305 ἔξυπνη
545 1238 595 1291 est
616 1224 796 1302 insomnia,
823 1231 967 1310 quamvis
993 1241 1136 1294 vetustus
1158 1230 1306 1295 vocabuli

198 1373 312 1417 census
334 1352 476 1416 nondum
498 1353 583 1437 apud
606 1351 748 1415 Graecos
769 1352 940 1415 interierit.
956 1385 1000 1399 —-
1016 1345 1219 1433 c’aat'vawva
1240 1352 1306 1419 vul.

199 1477 323 1560 gariter
345 1495 404 1562 pro
427 1461 588 1555 ἕκειτόμηυ
609 1475 631 1538 i.
654 1496 682 1539 e.
706 1466 840 1555 ἐκείμην.
883 1475 970 1538 Nam
991 1467 1132 1555 aalropcaa
1153 1495 1242 1540 nunc
1256 1498 1304 1540 cc-

197 1599 340 1664 iebratur
362 1617 421 1685 pro
443 1597 561 1678 κεῖμαι,
584 1617 686 1680 aquo
709 1598 886 1661 derivatum
907 1609 965 1662 est
1018 1596 1085 1662 Sed
1112 1598 1221 1680 κεᾷὶαι
1248 1598 1305 1663 ho·

197 1723 311 1805 dieque
332 1722 373 1785 ad
397 1731 500 1784 certas
523 1723 677 1803 quasdam
699 1741 751 1782 res
780 1722 999 1784 enunciandas
1028 1722 1063 1784 in
1091 1721 1237 1808 pluribus
1258 1723 1305 1786 di·

198 1846 291 1909 cendi
320 1845 491 1928 generibus
520 1844 715 1931 applicatur,
744 1842 831 1906 velut
858 1829 919 1902 ὦδε
940 1844 1039 1903 κεῖται
1065 1839 1122 1908 hic
1143 1841 1232 1908 situs
1253 1853 1304 1911 est
1339 1848 1344 1856 '

197 1968 237 2030 (le
260 1968 395 2029 mortuis
418 1967 544 2029 dicitur.
568 2001 610 2012 -
633 1954 806 2046 oiuiupcomoi'
829 1966 851 2028 i.
868 1986 896 2029 e.
920 1958 1106 2046 ἀδημονίαν.
1122 2000 1166 2014 -·-
1182 1957 1304 2047 ε’βάναν

196 2091 292 2153 metri
316 2109 412 2154 eausa
434 2110 494 2176 pro
517 2075 640 2167 ἔβαναν
660 2099 697 2152 ut
717 2049 811 2151 versu
837 2087 909 2153 158.

328 2211 371 2274 V.
396 2210 472 2275 397.
516 2196 641 2291 ἤμουνα
663 2211 685 2274 ἰ.
709 2230 739 2293 q.
761 2195 864 2291 ἤμουν
886 2212 925 2274 de
948 2230 1009 2293 quo
1032 2213 1105 2276 vide
1126 2233 1210 2277 vers.
1226 2213 1302 2281 393.

197 2372 241 2383 -
262 2327 435 2418 nipparena&
459 2355 517 2421 per
538 2334 702 2417 synizesin
724 2345 758 2398 et
779 2355 943 2422 apocopen
965 2354 1024 2422 pro
1047 2325 1238 2417 ἀγρυπνίαν.

329 2458 373 2521 V.
386 2421 473 2523 398.
514 2449 632 2536 κεφάλι
654 2459 675 2522 ἰ.
699 2479 727 2522 e·
747 2445 905 2536 οαφάὶιον.
1272 2454 1275 2458 ’

327 2580 370 2643 V.
394 2579 469 2646 379.
513 2568 553 2652 ἃς
574 2570 734 2662 παύσωμὲ
758 2581 781 2643 i.
805 2601 832 2645 e.
855 2567 1043 2660 παύσωμεν,
1067 2581 1103 2643 in
1125 2579 1303 2670 archetypo

196 2702 276 2773 vers}
301 2702 365 2770 192
399 2691 633 2786 παυσώμεσθα.
682 2701 870 2766 Tenendum
904 2704 1008 2782 enim,
1041 2704 1180 2767 activum
1213 2707 1303 2772 verbi

194 2820 288 2890 παύω
312 2840 425 2892 nostro
447 2839 591 2913 tempore
616 2825 700 2911 apud
729 2824 871 2888 Graecos
899 2838 932 2889 et
959 2827 1164 2890 transitivum
1191 2838 1226 2892 et
1255 2827 1303 2893 in·

194 2953 399 3016 transitivum
422 2971 503 3024 esse,
526 2968 607 3028 quae
629 2967 692 3026 res,
715 2949 809 3012 utin
831 2948 941 3012 multis
963 2948 1038 3012 aliis
1059 2949 1177 3030 verbis,
1200 2951 1250 3015 ita
1267 2953 1303 3016 in

194 3074 262 3139 lroc
277 3072 395 3151 effecit,
418 3083 454 3134 ut
476 3074 544 3154 ejus
566 3062 728 3155 passivum
750 3073 940 3136 inusitatum
956 3075 1026 3155 jam
1049 3073 1103 3136 sit·
1150 3071 1304 3138 Caetero-

195 3197 249 3275 qni
271 3205 383 3258 notum
404 3207 464 3274 est,
487 3194 595 3280 epicos
615 3205 727 3280 poetas
739 3197 810 3278 jam
827 3195 960 3276 antiquo
975 3206 1118 3282 tempore
1132 3196 1181 3259 sic
1195 3199 1302 3263 activo

194 3335 373 3402 emensos,
419 3314 490 3395 (01.
513 3316 629 3399 odyss.
652 3317 705 3382 lib.
730 3317 797 3398 IV,
821 3315 896 3382 659.
942 3312 1072 3379 Hesiod.
1099 3327 1181 3381 scut·
1202 3317 1301 3385 Herc.

193 3458 222 3502 v.
233 3434 329 3518 149);
352 3459 393 3501 ex
415 3439 515 3504 attica
538 3438 675 3505 dialecto
698 3450 804 3504 autem
817 3437 922 3501 solum
938 3437 1083 3520 imperat.
1096 3456 1200 3522 praes.
1216 3440 1301 3503 παῦε
1340 3502 1344 3519 ,

192 3559 257 3625 hue
278 3562 449 3647 pertinere.
493 3561 542 3626 01.
565 3560 734 3648 Aristoph.
756 3559 843 3621 Rau.
869 3553 949 3637 122,
971 3553 1054 3636 269,
1082 3554 1157 3624 580.
1180 3593 1227 3608 —
1248 3563 1300 3629 Dc

101 3662 112 3676 ⁸
193 3684 306 3749 vocula
327 3669 367 3756 oie
389 3685 527 3751 disserui
549 3687 591 3750 ad
615 3701 694 3748 vers.
718 3677 795 3746 216.
838 3712 883 3727 -
926 3673 1097 3761 βοηὲοὗμέ
1120 3683 1299 3767 vulgariter

192 3825 252 3892 pro
273 3803 450 3886 βοηθῶμεν.
523 3835 526 3838 ’

198 3942 203 3952 ’
323 3925 366 3988 V.
387 3925 464 3994 330,
509 3917 658 4006 ὶσμῖξασι
685 3923 706 3990 3
734 3943 818 4011 pers.
848 3924 892 4011 pl.
922 3945 991 3990 cor.
1020 3926 1087 3990 ind.
1116 3920 1179 3993 a‘ct.
1207 3932 1297 3996 verbi

193 4048 383 4114 recentioris
411 4040 518 4133 opiyo
544 4069 586 4112 ex
613 4049 744 4132 antiquo
771 4039 879 4133 μίσγω
906 4048 1086 4115 litterarum
1120 4055 1296 4139 transposi

192 4171 280 4237 tione
302 4174 376 4238 orti.
422 4173 473 4238 01.
494 4173 604 4239 adnot.
625 4175 668 4238 ad
689 4193 771 4239 vers.
795 4171 848 4238 78.
892 4171 945 4236 De
967 4171 1148 4258 hujusmodi
1170 4176 1294 4256 formis,

1186 4297 1292 4379 qualis
