2700 4672
425 1209 617 1318 Index
674 1208 925 1320 latinus.

603 1448 753 1462 m

656 1597 691 1662 A

119 1713 253 1770 Accentus
271 1713 350 1769 metri
368 1731 446 1770 causa
463 1716 640 1791 transpositus
658 1713 728 1773 Dial
746 1734 773 1774 v.
792 1718 819 1784 5,
838 1717 865 1773 6.
883 1713 943 1774 Par.
961 1734 988 1772 r.
1007 1716 1051 1773 45.

119 1820 253 1876 Accentus
270 1837 367 1876 vocum
384 1819 454 1896 apud
471 1821 632 1876 recentiores
650 1817 772 1878 diversus
794 1820 826 1876 ab
845 1822 954 1899 antiquo
977 1819 1011 1878 C.
1030 1820 1063 1876 ad
1081 1818 1111 1877 P.
1134 1838 1161 1876 v.
1180 1821 1224 1879 22.

119 1926 254 1982 Accentus
271 1943 376 1990 vocum,
395 1944 463 2000 quae
481 1924 619 1982 encliticae
637 1945 696 1984 esso
714 1925 814 1996 solent,
832 1936 893 1984 anto
910 1925 1082 1993 vocobulum,
1101 1924 1135 1981 at
1153 1923 1226 2002 quod

154 2030 312 2099 reseruntur,
328 2032 475 2106 positarum
493 2029 527 2088 D.
545 2052 573 2090 v.
585 2035 612 2089 3.

121 2135 299 2191 Accusativus
315 2133 443 2190 Aeolicus
459 2137 487 2190 in
505 2134 600 2209 plurali
618 2154 727 2192 numero
744 2139 845 2212 primae
863 2123 1047 2195 declinationis
1064 2138 1095 2197 P.
1112 2159 1139 2196 v.
1157 2140 1184 2194 3.

119 2240 297 2297 Accusatims
314 2258 363 2316 pro
382 2237 472 2296 dativo
491 2237 525 2299 C.
544 2239 576 2296 ad
593 2239 628 2298 D.
646 2261 672 2302 v.
694 2244 719 2301 1.
737 2240 769 2299 P.
785 2262 812 2299 r.
831 2245 875 2308 57,
896 2247 957 2302 111.

120 2345 222 2402 Aoristi
240 2343 342 2420 vulgari
359 2347 543 2403 terminatione
561 2347 685 2404 instructi
702 2345 736 2405 C.
755 2345 788 2404 cd
805 2368 831 2406 v.
850 2349 896 2405 75.

120 2449 261 2508 Articulus
278 2449 433 2510 indefinitus
450 2455 626 2512 recentiorum
644 2453 680 2513 D.
697 2472 725 2514 v.
743 2456 769 2511 2.

120 2559 264 2632 Angmenti
281 2557 404 2633 syllabici
421 2579 485 2616 usus
503 2562 532 2618 in
550 2562 673 2616 citeriore
690 2560 831 2636 graecitate
849 2557 884 2615 C.
902 2555 935 2613 ad
952 2555 989 2616 D.
1006 2574 1034 2615 v.
1052 2559 1077 2616 7.

121 2673 191 2720 otus
208 2667 358 2722 terminatio
375 2665 457 2724 latina
474 2688 490 2724 a
508 2666 618 2726 Graecis
635 2664 724 2724 medio
741 2685 807 2724 aevo
825 2663 915 2724 multis
932 2646 1074 2722 vocabulis
1088 2660 1149 2719 addi
1166 2680 1225 2718 eoe-

157 2769 364 2847 mstmffi

663 2897 691 2962 C

123 3012 307 3088 comparativi
329 3015 358 3071 in
381 3041 412 3081 ος
433 3015 585 3073 desinentes
608 3016 642 3074 ab
664 3018 714 3088 iis,
739 3034 852 3095 quorum
869 3016 969 3094 positio
987 3037 1030 3072 ων
1048 3018 1105 3080 cst,
1123 3009 1228 3067 formati

160 3118 195 3173 C.
212 3137 239 3174 v.
252 3121 296 3174 72.

126 3222 330 3309 Comparativus
352 3221 527 3299 praecedente
550 3223 661 3282 articulo
685 3226 817 3304 quomodo
842 3223 922 3283 hodie
945 3246 961 3281 a
982 3222 1061 3302 plebe
1087 3230 1229 3298 usurpetur

161 3330 195 3388 C.
214 3328 248 3386 acl
264 3349 291 3388 v.
310 3331 353 3387 73.

126 3435 321 3509 Coniunctivns
338 3434 513 3513 praecedente
531 3433 571 3494 cel
588 3436 616 3493 in
633 3437 782 3504 sententiis,
800 3434 899 3514 quibus
919 3434 1001 3494 futuri
1025 3434 1091 3514 quiri
1113 3432 1230 3506 designa·

161 3551 206 3597 tur
224 3541 258 3599 C.
276 3561 303 3600 v.
322 3545 385 3598 263.

127 3645 225 3726 Cyprii
244 3656 272 3703 et
288 3626 394 3704 Pontici
412 3667 464 3723 qua
483 3645 703 3703 deminutivomm
720 3643 804 3702 forma
821 3653 928 3703 utantur
946 3643 979 3702 C.
998 3643 1032 3700 at
1048 3645 1079 3704 P.
1097 3665 1124 3704 v.
1142 3618 1171 3704 6:

665 3792 698 3855 D

129 3909 244 3968 Dativns
262 3912 430 3989 antiquorum
448 3910 580 3988 quomodo
599 3912 765 3988 exprimatur
783 3931 797 3966 a
814 3908 1006 3966 recentioribus
1025 3906 1060 3983 D.
1078 3926 1105 3965 v.
1125 3909 1149 3963 1.

126 4015 243 4073 Dativns
261 4037 307 4075 cur
325 4017 456 4075 exciderit
473 4039 508 4076 ex
524 4020 666 4076 recentiori
684 4017 774 4091 lingua
792 4014 825 4076 C.
846 4015 880 4072 ad
897 4015 927 4075 P.
946 4035 973 4075 v.
993 4018 1035 4072 10.

127 4121 244 4180 Dativus
262 4125 290 4180 in
308 4127 400 4201 paucis
419 4125 504 4184 adhuc
521 4125 641 4185 formulis
658 4126 773 4184 usitatus
791 4121 861 4200 apud
878 4131 983 4179 nostrae
1000 4119 1141 4179 memoriae
1154 4115 1235 4175 Grac-

169 4228 426 4290 mstmmffl
