2700 4672
174 255 286 307 xxvtn

177 425 356 525 scriptam,
380 421 418 495 in
442 421 591 524 gratiam
620 420 786 495 Dominai
816 448 836 494 a
869 421 969 496 Goes
999 420 1170 523 Hispani,
1202 451 1285 524 pro-

176 556 409 632 nuntiationis
434 553 629 643 formulam,
654 554 691 626 in
716 552 814 628 nullo
839 552 1017 631 diversam
1042 555 1086 629 ab
1121 583 1181 646 ea,
1214 584 1286 658 qua

177 690 312 792 possim
338 687 436 762 docti
460 697 498 762 et
522 686 657 760 indocti
682 687 720 760 in
744 685 811 760 bac
840 685 959 788 lingua
990 687 1176 763 utuntur*
1226 688 1286 764 En

177 849 247 897 nec
269 821 349 922 ipse
372 820 546 895 Erasmus
572 843 640 892 suo
658 818 799 920 dialogo
817 819 924 894 fidem
942 819 1075 911 habuit,
1094 821 1175 920 quis
1200 848 1286 923 ergo

178 956 272 1029 illam
299 981 319 1027 a
342 952 449 1027 nobis
473 950 696 1050 requireret?
745 950 911 1026 Eundem
932 951 1110 1027 Graecum
1135 953 1287 1028 sonandi

178 1086 325 1161 modom
349 1092 557 1159 constanter
580 1083 772 1159 retinuisse
798 1109 945 1159 eernere
970 1095 1028 1160 cst
1053 1111 1073 1159 e
1098 1085 1287 1185 colloquiis

178 1217 418 1306 familiaribus,
442 1215 502 1290 illo
527 1217 748 1315 praesertim,
781 1215 879 1316 quod
902 1215 1007 1292 Echo
1030 1243 1162 1292 nomen
1185 1245 1289 1318 prae·

179 1352 259 1441 lert,
294 1350 355 1425 ubi
379 1347 460 1426 voci
486 1346 696 1422 eruditionis
722 1349 918 1449 respondet
946 1348 1049 1425 Echo
1075 1341 1176 1440 livore
1199 1350 1288 1452 Epi-

180 1484 282 1585 scopi
306 1479 432 1571 κόποι,
458 1480 597 1555 ariolari
621 1479 747 1581 λάροι,
773 1480 945 1583 astrologi
968 1479 1078 1586 λόγοι
1103 1481 1288 1558 Gramma·

179 1616 243 1692 tici
267 1617 362 1716 εἰκῆ,
394 1613 545 1687 famelici
569 1609 694 1688 ludam.
750 1612 856 1714 Quae
887 1615 1003 1688 omnia
1035 1640 1117 1688 cum
1147 1613 1286 1690 Graeca

179 1745 469 1850 pronuntiatione
495 1744 735 1820 adamussim
761 1747 993 1838 conveniunt,
1019 1758 1075 1837 et,
1105 1747 1137 1822 si
1162 1748 1288 1823 scivis-

181 1890 239 1955 set
263 1903 427 1967 erronea,
452 1876 531 1950 sine
556 1875 664 1951 dubio
695 1878 732 1952 in
766 1877 982 1954 editionibus
1015 1880 1286 1980 posterioribus,

180 2023 221 2088 ut
245 2012 516 2110 corrigerentur,
542 2034 687 2110 operam
713 2011 884 2087 dedisset.
932 2011 1007 2087 Sed
1036 2011 1125 2087 nibil
1156 2013 1286 2088 minus.

178 2142 269 2219 Non
290 2141 405 2218 solum
430 2141 508 2241 ipsc
527 2141 637 2242 priori
653 2143 784 2218 rationi
799 2144 949 2218 tirmiter
966 2144 1137 2236 adhaesit,
1161 2173 1285 2222 rerum

180 2287 221 2351 ut
244 2276 289 2350 ab
314 2273 392 2349 aliis
418 2299 504 2349 suae
528 2273 612 2348 fidei
638 2275 784 2351 creditis
807 2275 1062 2368 addisceretur,
1084 2278 1183 2352 omni
1201 2305 1286 2353 cura

179 2407 396 2511 providit.'”’
415 2407 514 2481 Haec
526 2406 773 2481 Wetstenius.
792 2408 1042 2509 Quaecunque
1054 2411 1287 2509 postErasmi

179 2549 331 2615 mortem
355 2539 401 2613 ad
426 2536 683 2612 defendendam
713 2538 806 2616 hanc
837 2542 1114 2617 commentitiam
1143 2539 1286 2644 linguae

180 2698 327 2776 graecae
352 2671 676 2773 pronuntiationem
696 2673 816 2750 aviris
834 2674 950 2749 doctis
969 2675 1168 2775 excogitata
1187 2685 1284 2766 sunt,

179 2832 302 2907 parum
328 2803 498 2905 ponderis
523 2803 654 2876 babere
680 2812 851 2901 possunt,
877 2805 1045 2902 quoniam
1076 2830 1200 2881 omnes
1232 2807 1287 2880 in-

180 2935 431 3012 conlideratius
458 2960 564 3034 quam
590 2933 727 3007 cautius
751 2931 845 3008 hanc
870 2961 1012 3010 causam
1038 2948 1197 3040 egerunt.
1228 2941 1286 3014 Ac

179 3070 332 3172 primum
359 3066 503 3166 quidem
519 3065 661 3140 Erasini
687 3064 895 3140 defensores
912 3094 959 3164 ne
977 3067 1015 3142 id
1038 3069 1183 3168 quidem
1199 3096 1285 3171 ope·

177 3229 254 3276 ram
286 3199 474 3288 dederant,
504 3207 545 3271 ut
575 3198 718 3297 penitus
749 3197 930 3274 discerent
959 3198 1178 3277 Graecorum
1202 3229 1286 3303 pro-

84 3398 87 3402 ,
177 3329 446 3421 nuntiationem,
472 3356 589 3430 quam,
615 3342 655 3406 ut
678 3341 804 3407 notum
829 3342 895 3423 est,
916 3360 935 3406 a
953 3334 1068 3434 primo
1085 3333 1285 3408 litterarum

179 3466 396 3542 Graecarum
420 3463 457 3535 in
484 3463 674 3539 Germania
706 3464 853 3541 doctore
885 3466 1085 3542 Reuchlino
1114 3465 1286 3543 Reucldi-

178 3599 319 3672 nianam
342 3594 450 3696 vulgo
474 3620 654 3672 vocamus.
709 3597 796 3699 Quo
820 3599 943 3689 fiebat,
969 3609 1009 3674 ut
1033 3600 1286 3699 impugnarent

179 3728 278 3831 quod
300 3729 521 3829 ignorabant,
546 3738 587 3803 ut
611 3740 773 3807 veterum
798 3732 844 3804 de
868 3731 1155 3831 pronuntiatione
1180 3733 1285 3807 testi-

177 3862 294 3936 monia
320 3886 393 3935 non
416 3860 666 3961 intelligerent,
690 3872 731 3936 ut
755 3863 800 3936 de
816 3862 1108 3963 inscriptionibus
1125 3865 1284 3964 antiquis

177 3994 267 4070 falso
291 3994 499 4093 judicarent,
515 4002 565 4086 ,ut
590 4019 698 4094 quum
729 4020 911 4094 nunquam
941 3994 1106 4072 homines
1136 3997 1284 4074 natione

178 4127 337 4204 Graecos
352 4127 489 4203 Graeca
502 4126 611 4200 verba
635 4127 907 4226 pronuntiantes
930 4127 1159 4219 audivissent,
1174 4129 1283 4206 talem

177 4257 596 4362 lingerent¹Graecorum
620 4258 957 4357 pronuntiationem,
982 4258 1095 4359 qualis
1120 4286 1188 4336 nec
1214 4275 1284 4356 cst,
