2700 4672
1176 255 1223 326 59

120 447 199 527 sint,
222 445 372 528 quoniam
400 455 584 511 constanter
612 442 842 510 Accusativum
869 446 1048 512 adsciscere
1075 462 1222 537 coeperat

120 568 202 633 lraec
222 570 427 657 praepositio,
450 589 582 634 neeesse
603 570 674 649 soit,
697 588 738 632 ne
761 567 878 655 duplex
899 575 967 655 ejus
987 582 1130 658 potestas
1147 594 1222 638 con·

121 693 316 772 funderetur,
338 691 439 756 aliam
460 692 642 777 excogitari
663 692 758 771 viam,
782 710 845 771 qua
867 693 1023 777 distingui
1050 694 1154 760 altera
1180 700 1221 761 alr

120 814 225 880 altera
245 825 363 902 posset.
407 814 520 896 ltaque
548 813 641 877 multi
663 814 814 878 dixerunt
833 803 915 893 μετὰ
935 812 1042 875 corion
1062 817 1096 880 id
1117 829 1153 883 ut
1172 841 1222 884 es-

120 948 172 1000 set
198 957 273 1002 cum
300 932 380 1017 loc,
412 923 543 1017 ὕστερον
569 927 633 995 ἀπὸ
665 931 774 996 τοῦτον
800 955 875 999 vero
905 948 942 1001 ut
967 949 1113 1002 sonaret:
1142 950 1222 1020 post
1287 1026 1290 1031 Α

119 1055 225 1134 mene,
252 1061 288 1122 in
320 1058 432 1140 quihus
466 1059 572 1123 verbis
605 1049 669 1118 ἀπὸ
697 1051 807 1116 codron
835 1059 970 1141 genitivi
997 1059 1103 1124 locum
1125 1073 1222 1126 tenet
1339 1147 1341 1151 Ι

121 1183 248 1267 Quippe
269 1192 393 1275 veteres
416 1179 478 1245 lrac
499 1181 532 1244 vi
553 1170 664 1242 codron
684 1169 815 1261 ὕπερον
836 1193 1033 1267 usurparunt
1048 1202 1077 1248 v.
1093 1203 1118 1247 a
1135 1182 1223 1248 Thu·

121 1303 191 1385 eyd.
208 1303 247 1384 l,
283 1323 357 1389 cap:
381 1301 434 1367 50.
462 1287 503 1372 ἃς
529 1291 660 1383 ὕστερον
686 1301 748 1362 τῶν
772 1295 854 1362 δέκα
880 1295 1060 1384 ἐξέπεμψαν
1082 1299 1112 1365 οἱ
1129 1298 1224 1381 ’Aen

119 1425 212 1485 ναῖοι.
255 1423 303 1491 At
324 1419 428 1491 hodie'
441 1424 628 1514 temporalis
648 1426 698 1489 vis
720 1435 753 1488 et
773 1435 917 1511 potestas
938 1425 1063 1490 reddita
1081 1437 1132 1489 est
1148 1424 1224 1490 huie

120 1549 364 1634 praepositioni,
386 1550 417 1612 si
438 1550 652 1613 accusativum
674 1546 858 1631 adjunctum
880 1545 988 1625 habet,
1011 1547 1095 1611 alter
1117 1561 1223 1613 autem
1317 1623 1320 1626 ⁴

119 1690 235 1733 sensus
267 1689 355 1733 nunc
384 1689 507 1769 quoque
539 1670 732 1758 exprimitur
763 1668 875 1735 vocala
902 1659 960 1750 μὲ,
994 1668 1057 1732 hoc
1078 1683 1223 1757 excepto,

119 1790 215 1871 quod,
237 1792 267 1855 si
288 1812 466 1878 pronomen
489 1814 510 1859 a
531 1792 635 1858 vocali
658 1793 817 1879 incipiens
839 1778 997 1875 sequitur,
1026 1792 1090 1856 dici
1113 1813 1224 1857 eonve-

119 1913 172 1976 nit
192 1905 257 1992 μετ’
278 1934 339 2001 pro
361 1907 402 1996 μὲ
423 1914 565 2002 exempli
588 1936 685 1980 causa
707 1905 770 1995 μα’
795 1909 892 1996 ε’μέυα
906 1935 1029 1979 meeum
1046 1906 1111 1995 μετ’
1128 1909 1224 1976 e’os'no

120 2046 244 2114 tecum,
273 2030 338 2115 μετ’
367 2033 486 2099 ἐκεῖνον
513 2049 572 2102 etc.
630 2036 680 2100 Cf.
710 2050 877 2124 praeterea
904 2059 984 2122 quae
1011 2039 1151 2102 diximus
1183 2040 1224 2103 ad

120 2178 201 2222 vers.
223 2155 278 2222 64.
300 2195 344 2208 -
365 2151 490 2241 μεγάλη
512 2181 571 2246 pro
593 2151 739 2241 erycino
762 2162 800 2224 ob
823 2162 954 2225 finalem
976 2173 1175 2225 concentum.

254 2279 296 2342 V.
320 2280 370 2345 17.
415 2277 470 2342 τὸν
497 2277 598 2361 ἐρωτᾷ
619 2283 640 2345 i.
667 2304 694 2345 e.
722 2272 819 2341 adedo
848 2277 947 2373 ε’ρῳτᾷ
992 2282 1040 2346 Gi.
1068 2283 1224 2348 adnotata

120 2401 164 2465 od
186 2401 307 2487 dialogi
328 2423 411 2468 vers·
433 2402 464 2470 3.
488 2434 532 2454 -
553 2403 639 2474 ποῖος
661 2388 745 2462 alone
766 2405 787 2465 i.
810 2425 835 2467 e.
858 2395 902 2474 τίς
923 2391 960 2481 εἷ,
985 2405 1083 2492 itaut
1100 2418 1224 2469 verten-

121 2525 196 2587 dum
218 2526 349 2590 sitnon
372 2538 408 2590 ut
431 2527 565 2591 Crusius
588 2528 673 2607 iecit,
697 2523 811 2609 qrealis
832 2545 879 2602 eo,
901 2527 959 2589 sed
980 2521 1056 2611 quis
1076 2544 1120 2590 es.
1170 2527 1224 2592 Et-

121 2648 209 2710 enim
236 2647 322 2718 scoioe
348 2668 435 2712 nunc
463 2650 530 2711 iere
559 2649 643 2711 idem
666 2659 715 2712 est
737 2649 820 2730 quod
841 2639 902 2724 sle,
925 2659 1039 2711 contra
1060 2649 1225 2729 antiquum

121 2769 207 2839 ποῖος
228 2770 372 2833 redditur
394 2771 677 2834 circumlocutione
699 2762 790 2841 ποίας
811 2769 907 2852 lepris
929 2771 1023 2857 cresus
1045 2767 1143 2832 modi.

255 2891 297 2953 V.
322 2890 371 2958 18.
417 2888 522 2954 ε’δαπᾶ
548 2889 623 2956 duc.
673 2894 819 2977 Ducang.
853 2893 957 2957 Gloss.
991 2893 1071 2956 med.
1104 2904 1137 2956 et
1170 2894 1225 2957 inl

124 3014 238 3077 Graec.
262 3025 338 3079 tom.
360 3014 387 3077 Ι.
410 3036 482 3102 pag.
505 3015 579 3082 350.
603 3018 739 3080 formam
763 3007 858 3076 ddnro'e
879 3012 987 3096 affert,
1011 3035 1091 3097 quaa
1114 3027 1146 3079 et
1168 3015 1224 3079 ho-

123 3136 176 3198 dia
202 3156 223 3200 a
251 3136 385 3199 Graecis
412 3149 592 3223 usurpatur.
644 3139 799 3202 Nostram
822 3141 967 3219 formam,
999 3158 1080 3220 quae
1096 3142 1168 3221 jam
1189 3140 1226 3202 in

116 3276 183 3319 -usu
205 3277 275 3320 essa
297 3257 402 3338 desiit,
424 3260 579 3324 miramur
601 3261 641 3323 ab
664 3280 702 3323 eo
725 3261 984 3342 consonasse,
1014 3263 1069 3345 qui
1095 3262 1130 3325 id
1153 3282 1226 3348 ope·

123 3399 194 3442 ram
216 3379 342 3444 dedisse
365 3383 505 3464 videtur,
528 3395 565 3446 ut
585 3404 627 3445 ex
649 3381 711 3447 hoc
739 3404 862 3465 quoque
884 3384 1032 3448 Zeniano
1055 3405 1151 3470 opero
1175 3404 1225 3448 ra-

123 3502 226 3566 riores
248 3501 428 3569 looutiones
452 3506 619 3571 Glossario
640 3527 699 3569 suo
722 3507 888 3569 insereret.
921 3539 964 3552 -
1009 3498 1040 3584 μ’
1065 3497 1140 3584 ἐμὶν
1162 3525 1225 3569 me-

124 3645 205 3687 cum.
260 3625 327 3688 Pro
362 3618 418 3705 ἐμὲ
450 3625 546 3690 hodie
580 3627 698 3689 Graeci
731 3627 842 3687 dieunt
874 3625 926 3687 vel
939 3615 1000 3719 spi
1033 3623 1084 3689 vel
1117 3619 1226 3704 ε’μέυα,

125 3768 205 3828 quae
237 3716 397 3833 posterior
428 3749 532 3812 forma
564 3753 635 3832 jam
671 3745 960 3830 Ptoehoprodromi
988 3755 1130 3832 tempore
1162 3748 1226 3810 usi-

124 3883 195 3935 tata
234 3881 320 3950 erat,
361 3891 550 3954 quamquam
583 3871 639 3934 ille
673 3871 806 3954 insuper
838 3868 947 3931 addito
977 3890 997 3927 ν
1028 3871 1226 3954 paragogioo

127 3986 244 4071 ε’μέναν
276 3992 328 4059 lib·
362 3991 391 4072 Ι,
428 3992 480 4056 90.
519 4006 552 4056 et
584 3988 687 4071 μέναν
721 3992 775 4054 lib.
805 3990 829 4051 l.
862 4010 942 4054 vers
965 3989 1037 4055 183.
1062 3992 1149 4071 dicit,
1167 4013 1226 4078 pro

127 4135 188 4195 quo
211 4124 244 4177 et
265 4104 325 4192 μἐν
346 4114 396 4177 vel
418 4111 554 4178 sortasse
577 4105 652 4194 ἐμὶν
670 4136 712 4176 ex
727 4113 843 4177 Corais
861 4116 1042 4197 conjectura
1058 4135 1136 4178 vers.
1155 4112 1227 4178 307.

126 4236 254 4319 legitur.
297 4237 387 4302 Idem
408 4237 464 4302 ille
486 4240 536 4304 vir
558 4240 670 4303 doctus
691 4229 808 4296 'aeae
826 4236 850 4300 I.
873 4256 945 4322 pag.
966 4235 1035 4301 179.
1052 4239 1225 4317 existimat,
