2700 4672
1172 207 1241 282 103

268 388 312 453 V.
334 387 410 456 208.
454 378 616 472 πονηριὰ’,
645 403 805 481 utsupra
832 395 1017 463 vers.'166.
1044 434 1088 448 -
1113 395 1238 485 ’aalma

135 511 309 577 dilucidavi
331 515 372 577 ad
395 513 517 599 dialogi
539 475 621 579 vers.
647 511 697 579 10.

265 636 309 699 V.
334 634 409 703 209.
454 627 584 719 ἀκριβὸς
605 657 719 712 carus,
742 635 882 714 emicas,
904 639 1057 721 dilectos,
1072 644 1236 714 inferioris

134 759 322 839 graecitatis
344 760 544 841 vocabulum,
566 761 738 824 formatum
760 783 801 825 ex
823 766 953 847 antiquo
970 757 1108 848 ἀκριβής.
1130 769 1235 834 Porro

132 882 217 967 apud
249 894 380 946 nostrae
413 884 586 946 memoriae
616 882 758 946 Graecos
787 906 840 966 ea,
875 907 956 969 quae
984 909 1102 972 magno
1128 894 1235 977 pretio

131 1004 322 1085 venduntur,
345 1015 422 1068 sunt
444 995 583 1085 οἱκριβά,
606 1025 705 1068 coro.
750 1006 899 1090 Denique
921 1010 960 1073 de
975 1008 1159 1076 hominibus
1172 1011 1235 1078 hoc

131 1126 323 1208 adJactivum
353 1129 492 1213 eapitur,
522 1129 576 1209 qui
604 1130 762 1192 veteribus
790 1143 867 1195 sunt
892 1125 1095 1214 φιλάργυροι,
1126 1152 1233 1215 quam·

131 1268 226 1330 quam
247 1271 286 1312 eo
308 1270 405 1314 sensu
427 1253 466 1315 ab
489 1252 624 1315 eruditis
646 1252 774 1337 saepius
797 1255 927 1337 ponitur
949 1256 1082 1336 antiqua
1104 1277 1176 1321 vox·
1190 1291 1233 1305 -

129 1370 181 1436 De
202 1374 395 1459 pronomine
418 1365 493 1453 ἐμέν
514 1374 585 1437 vide
608 1374 695 1436 dieta
716 1373 757 1436 ad
780 1394 858 1438 vers.
879 1374 930 1440 18.
955 1375 1125 1440 Caeterum
1137 1399 1233 1460 quum

129 1486 259 1575 ἀκριβός
280 1499 320 1559 ob
343 1495 616 1579 significationem
638 1495 778 1588 dativum
795 1497 946 1578 requirat,
970 1512 1115 1584 apertum
1132 1512 1182 1564 est
1200 1513 1233 1565 at

129 1619 344 1680 accusativum
367 1611 442 1698 ἐμέν
464 1593 497 1681 et
519 1616 696 1702 genitivum
716 1609 829 1698 μητρός
851 1618 951 1684 dativi
972 1620 1042 1685 vice
1061 1619 1115 1685 hic
1132 1624 1232 1707 fungi.

130 1739 180 1802 Cf.
198 1717 283 1822 ¹imao
306 1741 541 1805 observavimus
564 1741 605 1804 ad
627 1761 707 1805 vers.
732 1739 786 1805 96.

260 1861 306 1925 V·
329 1859 405 1926 210.
448 1852 670 1945 ἀγαποῦσαμέ
695 1865 715 1926 i.
738 1883 765 1945 q.
788 1853 1024 1947 ἀγαποῦσαμεν
1042 1863 1070 1932 1.
1086 1885 1171 1952 pars.
1184 1866 1230 1954 pl.

126 1985 203 2071 imp.
225 1995 285 2049 aot.
307 1986 396 2049 verbi
418 1960 543 2067 ἀγαπῶ.
585 1987 671 2051 Nam
699 2008 758 2074 pro
783 1977 916 2069 ἠγάπων
937 1987 1122 2075 plerumque
1145 2008 1232 2054 nunc

125 2100 310 2187 ἆγαποῢσα,
332 2128 392 2193 pro
415 2101 537 2188 ἐτίμων,
560 2105 713 2190 dromida
733 2121 794 2173 eto.
818 2112 937 2174 dicunt.
971 2109 1057 2174 Vide
1073 2110 1231 2176 Darvaris

125 2237 289 2310 Γραμμαν.
311 2223 436 2290 dudelli.
458 2233 523 2290 σελ.
547 2229 618 2295 130.
643 2266 687 2278 -
708 2224 790 2312 yrar'
814 2217 887 2306 ἦτον
909 2232 929 2293 i.
953 2253 981 2294 e.
1003 2221 1091 2310 yrmrl
1111 2220 1192 2305 ἦτον,

258 2351 301 2414 V.
325 2350 401 2415 211.
445 2345 565 2431 ὑστερῶ
582 2347 684 2437 privo
706 2353 743 2415 in
766 2353 923 2415 deteriore
942 2353 1119 2435 graecitate
1134 2352 1229 2435 valet,

126 2478 215 2559 cujus
237 2475 440 2559 significatus
462 2474 597 2554 nullum,
621 2474 704 2556 quod
726 2474 843 2555 sciam,
866 2476 903 2538 in
925 2476 1129 2557 antiquorum
1150 2477 1229 2541 scri·

123 2599 189 2684 ptis
211 2599 381 2682 vestigium
403 2609 463 2659 est.

255 2718 298 2782 V.
322 2718 396 2782 212.
441 2709 597 2798 ἐβάλασιν
618 2738 676 2805 pro
699 2705 822 2798 ἔβαλαν
847 2716 867 2782 3
890 2737 974 2805 pers.
995 2715 1040 2804 pl.
1069 2737 1136 2781 aor.
1159 2713 1228 2797 lad.

123 2855 185 2908 act.
203 2844 295 2919 verbi
317 2831 406 2921 βάυω
429 2865 470 2906 ex
491 2845 623 2924 antiquo
646 2832 754 2921 βάλλω
775 2842 862 2920 nati,
891 2841 931 2903 de
959 2860 1020 2920 quo
1048 2840 1119 2904 vide
1148 2845 1228 2922 Δαρ.

122 2957 241 3048 βάρεως
262 2974 385 3046 Γραμρρ.
408 2957 479 3027 dar.
504 2969 569 3026 σελ.
598 2963 669 3030 165.
705 3000 750 3012 -
782 2954 823 3044 μὲ
845 2955 973 3040 κλεψιά’
997 2962 1018 3025 i.
1040 2984 1068 3026 e.
1095 2954 1137 3044 μὲ
1158 2966 1227 3024 ade.

121 3080 202 3165 ψιὰν
214 3083 354 3173 sciatica.
399 3087 536 3171 Legitur
556 3100 662 3151 autem
684 3075 802 3164 κλεψιὰ
821 3107 880 3170 pro
899 3086 1030 3166 antiquo
1047 3075 1146 3160 κλοπή
1155 3089 1227 3169 jam

122 3211 159 3272 in
180 3209 411 3272 Nomocanone
441 3210 490 3271 ed.
513 3205 652 3273 Coteler.
682 3231 768 3274 num.
793 3206 868 3273 l112.
892 3207 967 3272 176.
990 3219 1067 3272 tom.
1089 3208 1116 3272 l.
1153 3208 1227 3273 Mo-

122 3344 303 3396 numentor.
325 3332 413 3395 Eccl.
436 3332 550 3395 Graec.
622 3336 624 3341 ’

253 3453 296 3517 V.
320 3452 394 3519 213.
439 3446 526 3540 οραλοὶ
547 3444 603 3515 καὶ
626 3475 848 3542 qrramquom,
880 3453 1036 3541 qvcamvis
1058 3474 1118 3537 pro
1141 3453 1225 3516 anti-

120 3597 255 3660 quorum
287 3570 415 3657 καίπερ,
450 3573 477 3637 εἰ
509 3571 568 3638 καί
600 3578 766 3641 Italismus
799 3588 858 3640 est.
903 3575 979 3638 Itali
1006 3574 1156 3636 videlicet
1176 3575 1225 3636 sic

119 3710 277 3786 usurpant
298 3695 423 3762 benolio
447 3720 484 3762 ao
507 3699 657 3761 similiter
674 3697 762 3760 Galli
784 3693 861 3759 bien
883 3715 957 3780 qvae,
981 3715 1041 3767 nos
1063 3690 1223 3757 miracoli.

119 3824 186 3886 Pro
207 3811 293 3881 καλὰ
315 3812 372 3881 καὶ
394 3823 564 3886 usitatiora
588 3820 682 3884 hodie
705 3833 780 3884 sunt
803 3809 936 3901 ἀγκαλὰ
958 3829 990 3882 et
1012 3807 1146 3897 ἀγκαλᾶ
1167 3809 1228 3877 καί

118 3948 156 4009 in
189 3946 301 4026 quibus
332 3947 437 4031 prima
467 3946 592 4028 syllaba
626 3956 676 4008 est
708 3943 869 4031 particula
907 3938 1134 4005 conditionalis
1170 3925 1221 4000 dv.

118 4068 263 4132 Proinde
286 4070 467 4155 comparari
488 4079 622 4155 possunt
644 4089 716 4132 cum
738 4066 853 4163 Italico
875 4061 1024 4130 seldene.
1049 4096 1090 4110 -
1113 4062 1153 4125 In
1167 4052 1223 4141 μό.

118 4211 173 4262 νος
198 4183 274 4270 μοῦ’
302 4203 398 4264 coac
419 4193 493 4256 i.·e.
515 4179 611 4271 μόνος
633 4212 698 4271 μου
721 4177 829 4262 {coac
857 4190 942 4255 idem
964 4187 1092 4253 dicendi
1120 4204 1223 4269 genus
