2700 4672
1172 200 1216 272 et

119 400 266 448 sermone
288 393 321 447 et
341 375 461 463 τροῢκα
482 380 556 446 diei.
606 377 717 465 Itaque
746 381 880 448 Crusius
908 382 963 450 hie
991 405 1121 456 semum
1146 401 1216 460 tant

119 514 198 586 turn,
220 524 288 569 non
310 505 415 592 ipsum
437 505 568 568 verbum
588 504 741 584 reddidit,
764 506 980 593 interpretans
1002 509 1160 582 evadam.
1207 527 1211 534 “

249 627 292 689 V.
316 623 369 690 94.
414 615 511 706 κορμί
530 624 580 690 vel
601 617 733 706 κορμίον
751 626 974 694 diminutivum
990 621 1133 699 nominis
1147 658 1218 720 κορ.

118 738 188 830 μὸς,
211 751 301 834 eujus
321 748 393 810 loeo
415 746 536 812 Aeoles
558 748 643 834 apud
664 758 787 812 veteres
808 739 923 828 κορπὸς
943 753 1100 819 dicebant.
1122 761 1217 836 Quod

119 890 215 952 quum
236 871 273 934 in
295 870 427 950 antiqua
448 868 562 952 lingua
576 881 704 955 praeter
718 865 894 934 caudicem
911 883 944 935 et
959 870 1105 958 stipitem
1118 881 1217 947 etiarn

118 999 283 1066 truncum,
304 991 463 1078 imprimis
486 992 630 1076 eorporis
651 994 821 1072 notaverit,
844 1012 911 1057 non
927 995 1043 1058 mirum
1057 1009 1117 1078 est,
1134 989 1217 1082 quod

117 1106 215 1194 κορμί
243 1133 330 1176 nuno
361 1132 486 1200 semper
520 1132 581 1198 pro
610 1131 753 1197 corpore
785 1115 950 1200 accipitur.
996 1115 1044 1181 cf.
1068 1117 1156 1183 looos
1175 1093 1219 1188 'ex

118 1235 343 1300 vetustioribus
365 1235 574 1319 scriptoribus
591 1233 714 1308 allatos
736 1237 821 1320 apud
842 1235 989 1320 Dueang.
1006 1237 1111 1306 Gloss.
1132 1243 1216 1308 med.

118 1370 157 1422 et·
171 1359 229 1420 int.
252 1356 307 1421 Gr.
323 1357 414 1418 Tom.
438 1356 454 1418 1
475 1373 551 1442 pag·
575 1354 650 1435 715,
671 1356 725 1419 ubi
740 1367 774 1418 et
791 1355 871 1420 haee
882 1355 1047 1424 Emtathii
1063 1366 1160 1428 uerba
1176 1365 1219 1430 ad

119 1500 187 1544 rem
209 1478 434 1542 illustrandam
457 1478 625 1563 aptissima
647 1489 818 1542 memorat:
844 1468 880 1538 ad
901 1468 964 1539 ἀπὸ
985 1472 1144 1562 τραχήλου
1163 1481 1236 1567 μέ..

117 1606 188 1683 wc
209 1590 338 1660 αἰδοίων
358 1588 451 1668 κύτος
471 1594 528 1658 rod
548 1586 694 1679 σώματος
714 1590 794 1672 δίκα
814 1596 875 1659 aio
894 1599 1018 1680 χειρῶν,
1040 1587 1057 1662 d
1079 1596 1135 1666 καὶ
1154 1598 1220 1678 βό.

118 1711 208 1805 pared
227 1739 305 1790 rever
325 1716 489 1799 καλοῦσιν,
513 1707 606 1800 ἕτεροι
627 1710 664 1780 δὲ
685 1709 814 1802 κορμὸν,
837 1717 1003 1791 ἰδιωτικῶς.
1030 1755 1074 1774 ·-
1105 1718 1147 1786 roi
1167 1717 1220 1790 ut's.

119 1863 180 1916 χια
201 1844 223 1906 i.
247 1863 275 1904 e.
296 1834 337 1901 rol
359 1832 488 1922 ὅνύχια,
510 1831 581 1911 τοὺς
601 1825 734 1917 ὄνυχας.
782 1841 860 1907 Vid.
887 1820 1001 1934 notata
1023 1845 1065 1909 ad
1086 1846 1220 1934 Dialogi

70 2045 79 2051 ⁶
120 1985 200 2030 vers.
222 1963 253 2029 3.
281 1991 325 2010 -ι-
350 1979 403 2038 της
423 1963 446 2026 1.
469 1984 497 2027 e.
520 1955 625 2039 αὐτῆς.
658 1997 701 2011 -
732 1955 845 2046 ’ruodep
867 1984 926 2050 per
947 1963 1140 2052 aphaeresin
1160 1989 1220 2057 pro

121 2071 249 2168 ἒμπήξῃ,
272 2085 355 2166 quod
377 2087 546 2149 formatum
563 2096 611 2148 est
626 2105 646 2148 a
661 2086 824 2170 praesenti
839 2076 968 2167 ε’μπήγω
990 2088 1042 2152 vel
1064 2081 1220 2170 ε’μπήχνω.

119 2208 173 2272 Ita
193 2175 344 2271 videlidet
364 2203 465 2269 hodie
480 2225 540 2292 pro
563 2206 694 2287 antiquo
717 2194 896 2286 ε’μπῆγνυμι
924 2208 1030 2274 dicere
1053 2232 1220 2278 consueve-

119 2339 197 2393 runt
219 2328 343 2392 Graeci.
447 2348 450 2353 ·

196 2474 198 2479 ·
250 2447 294 2511 V.
317 2447 370 2513 95.
415 2441 499 2508 αὐτὰ
526 2450 778 2513 demonstrativa
803 2450 835 2512 vi
861 2467 922 2536 pro
948 2445 1065 2533 satra,
1092 2466 1129 2518 ut
1150 2458 1221 2540 jam

120 2571 176 2637 hio
196 2571 266 2636 illio
287 2573 324 2634 in
344 2580 485 2635 veterum
508 2570 608 2634 libris.
653 2570 739 2635 Vide
751 2572 941 2639 llermanni
963 2571 1222 2641 dissertationem

121 2696 162 2758 de
182 2697 373 2782 pronomine
396 2682 491 2761 αὐτὸς
518 2693 554 2755 in
581 2693 699 2779 Opuse.
728 2691 804 2754 Vol.
827 2692 845 2756 Ι
872 2708 946 2778 pag.
970 2690 1035 2757 316
1063 2704 1097 2758 et
1121 2695 1221 2762 Hein-

122 2818 197 2880 dorf
215 2818 257 2881 ad
279 2815 427 2879 Platonis
449 2813 527 2895 Lys.
550 2811 680 2900 pag.'‹l.
705 2844 749 2859 -
771 2804 961 2892 ’βρίσκονται
981 2815 1003 2878 1.
1020 2837 1047 2878 e.
1065 2807 1223 2896 εὑρίσκον.

122 2956 186 2998 ται.
203 2972 247 2984 -
268 2926 393 3017 κάματος
414 2955 565 3021 campus,
584 2931 760 3022 planities,
782 2955 845 2998 vox
865 2932 985 3017 latina,
1008 2937 1047 3000 de
1069 2957 1131 3019 qua
1153 2940 1222 3002 lu‘so
1335 2931 1338 2935 ’

122 3061 190 3143 egit
221 3058 410 3151 Ducangius
436 3058 473 3120 in
501 3057 644 3123 Glossar.
679 3058 760 3121 med.
795 3066 829 3119 et
860 3045 933 3120 inl(
948 3056 1061 3121 Graec.
1088 3051 1222 3124 Toml

122 3200 198 3269 pag.
222 3177 286 3243 556
309 3198 395 3259 seqq.
438 3178 544 3253 Adde,
565 3180 595 3242 si
616 3178 730 3264 volupe
752 3189 812 3258 est,
837 3176 912 3241 Cor.
933 3169 993 3241 ’Aa
1015 3179 1050 3242 Π
1072 3200 1104 3265 p.
1129 3177 1201 3246 177.

204 3355 206 3359 .
256 3298 304 3362 V.·
322 3297 379 3364 96.
421 3288 534 3390 {neapol
560 3299 611 3363 vel
633 3301 808 3384 genitivum
830 3298 881 3362 vel
908 3299 1050 3364 dativum
1075 3300 1121 3364 in*
1140 3302 1223 3366 antl-

124 3443 187 3507 qua
215 3422 392 3507 graecitate
418 3421 537 3506 exigit3
565 3423 672 3504 itaque
699 3422 827 3504 quando
854 3421 1070 3501 adamannus,
1104 3424 1159 3504 qui
1186 3443 1223 3486 re

124 3566 200 3610 vera
222 3548 261 3611 ab
284 3543 347 3609 hoo
367 3543 520 3608 voeabula
543 3542 757 3624 alienarent,
780 3550 904 3620 tamen,
933 3553 970 3605 ut
996 3540 1051 3603 hio
1072 3560 1130 3627 per
1150 3563 1224 3628 pro.

124 3643 359 3747 uomen‘e'pe'na
373 3665 422 3746 fit,
437 3667 469 3730 ei
484 3665 679 3748 adjungitur,
695 3664 793 3727 dativi
808 3661 947 3725 vicarius
963 3661 1007 3724 sit
1019 3677 1151 3724 neeesse
1165 3673 1223 3727 est.

257 3788 300 3852 V.
324 3788 378 3854 97.
422 3775 472 3867 μά
491 3782 563 3860 sed,
585 3801 710 3858 verum,
732 3772 835 3859 delini,
856 3779 943 3846 nihil
958 3793 1008 3847 est
1029 3783 1094 3846 nisi
1108 3782 1225 3848 Italioa

125 3909 286 3999 particula
307 3928 376 3985 ma,
397 3930 478 3994 quae
500 3927 587 3972 nuno
609 3925 731 3990 quoque
752 3906 789 3968 in
809 3904 912 3992 plebis
934 3923 990 3970 ore
1011 3915 1164 3998 versatur.
1181 3935 1226 3951 -·

83 4025 85 4029 ’
125 4033 178 4100 De
199 4030 344 4113 φοβᾶσαι
364 4030 436 4095 vide
459 4049 539 4111 quae
561 4029 784 4094 adnotavimus
805 4027 847 4091 ad
869 4047 966 4092 verse.
989 4025 1033 4094 35
1055 4037 1089 4092 et
1110 4022 1162 4090 38.

257 4154 302 4217 V·
324 4150 378 4220 98.
422 4139 606 4241 (τυρνόμενᾳ4
629 4161 706 4216 suut
731 4145 890 4236 reptilia,
916 4151 999 4232 quod
1026 4167 1144 4216 nomen
1170 4147 1223 4212 de·

708 4289 712 4300 '
910 4270 932 4337 6

1276 4292 1319 4392 t
