2700 4672
74 217 144 290 134

76 417 114 481 iu
136 413 284 479 citeriore
307 411 482 495 graecitate
504 430 571 475 non
593 409 733 498 amplius
751 429 809 496 pro
828 431 866 473 eo
883 420 1034 496 ponatur,
1058 409 1113 490 qui
1130 429 1181 472 ve-

77 539 199 604 teribus
220 531 393 600 cocciacus
415 545 475 613 est,
497 534 555 597 sed
576 535 709 596 omnino
736 533 778 598 ad
800 534 929 596 rubrum
959 530 1099 595 colorem
1127 554 1182 594 cx-

78 658 282 749 primcndnm
304 655 492 744 applicetur,
516 657 636 719 idcirco
658 647 825 728 κοκκιυίςω
853 676 976 737 qnoque
1003 653 1108 719 solutu
1129 650 1184 718 ru·

80 776 278 870 besaciendt'
300 790 333 843 ct
353 775 550 842 redaccendi
572 777 792 862 significatum
815 776 922 841 habet.

212 902 257 965 V.
279 899 355 966 365.
400 889 588 982 Τυρόφαγος
609 883 704 965 metri
726 901 834 983 gratia
856 921 915 987 pro
936 889 1134 981 Τυροφάγος.

213 1025 255 1087 V.
280 1022 356 1090 366.
401 1012 568 1105 ἆνῆγρετος
590 1018 843 1099 irrexcitcbr‘lic3
851 1023 1187 1109 J‘amapudNormum

82 1147 249 1236 epitheton
277 1148 398 1223 somni,
425 1168 467 1210 ex
494 1166 555 1227 quo
583 1147 720 1210 excitari
747 1166 897 1229 nequeas.
947 1146 1106 1210 Homerus
1135 1169 1187 1211 so·

72 1273 192 1334 >mutim
213 1257 362 1351 νήγρετον
382 1268 524 1356 appellat
545 1269 607 1332 Od.
632 1267 685 1342 13,
707 1266 750 1333 80
773 1267 861 1352 hym.
884 1268 969 1332 Ven.
993 1266 1068 1333 178.
1092 1271 1187 1345 Quod

83 1394 265 1481 superiores
287 1393 426 1480 editores
448 1393 484 1455 in
506 1402 597 1454 textu
619 1391 839 1456 toleraverant
860 1380 1028 1472 doiyepwq
1048 1411 1115 1456 uon
1138 1405 1189 1458 est

84 1535 201 1600 graeca
223 1536 295 1578 vox.
341 1514 494 1578 Coniudit
510 1526 567 1578 aut
581 1513 727 1596 Orosius,
743 1535 836 1597 quem
853 1511 970 1595 reliq'ui
984 1517 1086 1578 secuti
1099 1528 1187 1598 sunt,

85 1636 331 1718 orationarios,
353 1638 408 1721 qui
431 1638 572 1700 codicem
594 1638 755 1716 exaravit,
783 1658 845 1719 quo
870 1658 947 1700 usus
969 1650 1019 1701 est
1042 1637 1187 1720 Cresius,

35 1731 39 1739 ¹
85 1749 182 1823 umbo¹
201 1761 264 1823 ista
286 1760 444 1844 adjectiva
465 1751 633 1841 oivc'yeproc
654 1771 687 1823 et
707 1748 885 1841 o'tvr'prpetoc.

217 1879 259 1944 V.
280 1878 356 1946 367.
402 1870 472 1961 ‘iit’
501 1883 522 1945 i.
545 1902 574 1945 ο.
597 1869 688 1959 ᾅδην.

219 2002 263 2068 V.
286 2001 360 2068 368.
403 1994 447 2064 tuit
467 1993 595 2066 aesimon
609 2002 807 2090 populariter
823 2023 881 2090 pro
899 1994 942 2064 od
957 1997 1090 2082 κείτηναι
1108 2011 1190 2093 conj.

87 2147 191 2213 praes.
214 2118 480 2207 remissiorem,
503 2126 541 2189 de
564 2146 625 2208 quo
649 2128 718 2191 dixi
740 2127 782 2192 ad
804 2147 884 2192 cers.
910 2123 984 2193 316.
1018 2163 1061 2176 -
1083 2119 1191 2210 ’ὸμάδι

88 2249 260 2313 dilucidavi
283 2250 324 2313 ad
346 2269 427 2313 vers.
453 2246 529 2314 311.

221 2371 265 2435 V.
288 2369 363 2436 370.
405 2370 457 2435 De
479 2347 638 2457 particula
659 2360 709 2452 μὰ
730 2372 805 2454 quid
822 2373 1031 2456 judicandum
1053 2375 1115 2453 sit,
1138 2396 1193 2438 ex.

89 2496 183 2581 posui
205 2496 246 2559 ad
268 2515 350 2558 vers.
373 2492 427 2559 97.
461 2529 506 2546 -υ
540 2486 721 2574 ἐκαρτέρεσε
743 2491 976 2580 exspectavit,
998 2509 1035 2557 ut
1055 2496 1193 2562 vidimus

88 2638 182 2680 versu
204 2615 279 2681 318
314 2647 357 2666 -
389 2608 414 2677 ν’
439 2608 615 2697 doctorem]
643 2619 727 2701 conj.
755 2638 823 2683 aor.
853 2619 940 2681 verbi
962 2609 1193 2700 dvrrcrc'aopm,

90 2739 172 2821 quod
189 2743 260 2823 jam
283 2740 419 2823 legimus
441 2760 534 2803 vcrsu
557 2735 632 2801 361.
705 2825 709 2832 .

221 2860 264 2924 V.
288 2859 363 2925 371.
409 2845 501 2941 §lpum
530 2862 660 2946 proprie
682 2874 732 2924 est
750 2857 888 2948 platea,
909 2859 983 2937 via,
1005 2860 1109 2938 vr‘crts,
1131 2885 1194 2944 qua

89 2994 258 3070 potestate,
280 2994 316 3045 ut
338 2979 423 3045 alios
444 2984 604 3063 omittam,
628 2984 773 3048 adhibuit
795 2983 858 3052 hoo
879 2986 1066 3052 vocabulum
1088 2986 1193 3054 Theo.

90 3105 187 3170 dorus
210 3104 404 3168 Prodromns
426 3103 482 3170 lib.
505 3106 522 3169 I
544 3126 625 3169 vers.
653 3105 715 3172 189
737 3128 810 3194 pag.
835 3108 854 3172 7
878 3109 916 3171 'ed
941 3108 1015 3174 Cor.

177 3215 235 3286 καὶ
256 3215 318 3287 ἀπὸ
338 3226 446 3305 ψυχῆς
467 3218 511 3288 tuit
532 3222 697 3310 ςρῖγγιζα,
719 3228 891 3310 περιπατῶν
911 3221 968 3300 τὰς
988 3224 1112 3313 ῥῖμνας,

90 3350 145 3412 ubi
168 3347 288 3413 Cernes
311 3353 407 3415 metri
428 3353 535 3435 gratia
557 3355 696 3418 scribere
718 3364 842 3440 poterat
859 3342 981 3463 casiod.
1015 3353 1087 3417 Hoc
1102 3345 1194 3432 ῥίμνη

89 3470 176 3534 nihil
197 3483 248 3537 est
268 3473 334 3538 nisi
356 3473 521 3554 antiquum
543 3495 661 3539 nomen
683 3465 774 3553 ῥύμη,
797 3475 881 3553 quod
899 3487 1021 3538 veteres
1032 3475 1196 3540 interdum

37 3570 45 3581 ’
91 3591 154 3658 hoc
176 3614 273 3659 sensu
294 3615 464 3680 usurpasse
488 3609 622 3663 constat
668 3594 736 3659 sed
752 3607 864 3661 nostro
887 3589 1073 3679 11161ρί1161
1096 3597 1197 3663 alium

91 3713 188 3780 habet
220 3717 452 3800 significatum,
495 3724 585 3804 cujus
617 3738 684 3782 non
718 3721 866 3784 meminit
894 3720 1015 3785 Coraes
1042 3714 1198 3788 ’6161161

90 3859 122 3922 p.
143 3835 206 3901 185
228 3833 332 3921 ireque
353 3840 397 3921 ΙΙ,
420 3864 451 3928 p.
474 3839 535 3907 321
561 3852 594 3905 et
615 3862 708 3922 quem
730 3844 897 3925 ignorasse
919 3845 1045 3907 videtur
1067 3844 1198 3913 Ducan-

91 3960 164 4041 gius
187 3960 278 4024 Tom.
301 3962 336 4026 11
358 3985 390 4050 p.
416 3960 509 4027 1299.
555 3961 696 4027 Sienim
713 3962 799 4031 huuc
816 3987 942 4031 versum
960 3988 1032 4031 cum
1050 3968 1198 4050 sequenti

93 4081 295 4165 conferimus,
316 4085 412 4149 166116
433 4085 527 4148 nobis
550 4087 614 4150 erit
640 4108 844 4174 persuasum,
872 4091 978 4174 magis
1001 4089 1135 4155 finalem
1158 4088 1199 4154 il·

23 4200 158 4368 ι1611
180 4226 328 4271 versuum
352 4219 543 4273 concentum
565 4231 659 4295 quam
690 4213 794 4299 ipsam
822 4214 1017 4279 sententiam
1044 4212 1200 4296 effecisse,
