2700 4672
1093 256 1213 308 xxxvii

108 420 213 495 cendi
237 421 374 496 ratione
398 419 580 511 abludunt,
604 421 654 495 ita
680 446 759 495 cum
783 425 987 496 nostrorum
1011 434 1208 525 temporum

107 552 249 653 plebeio
275 578 440 627 sermone
458 553 697 627 consentiunt.
747 553 911 652 Quorum
927 554 1104 630 volumina
1123 582 1210 654 quo

107 683 201 759 niam
241 684 375 785 pariter
415 682 655 757 admirandam
701 683 925 782 eloquentiae
975 686 1047 763 vim
1091 697 1210 761 osten·

107 815 199 890 dunt
223 825 260 889 et
282 815 468 890 historiam
491 815 673 914 religionis
696 814 910 889 christianae
938 817 1132 907 illustrant,
1158 818 1210 891 di·

108 972 178 1046 gia
207 955 308 1035 sunt,
340 972 432 1044 quae
463 946 507 1019 ab
540 946 749 1020 eruditionis
780 946 919 1047 cupidis
950 947 1108 1047 diligenti
1135 958 1210 1023 stu·

108 1075 168 1150 dio
192 1085 365 1153 terantur.
414 1074 552 1153 Verum
578 1075 874 1176 quemadmodum
905 1075 944 1150 hi
967 1079 1046 1152 sine
1071 1079 1209 1152 citerio-

106 1207 158 1282 ris
183 1207 386 1309 graecitatis
411 1207 614 1306 cognitione
631 1209 775 1309 penitus
793 1210 929 1309 percipi
947 1212 1142 1310 nequeunt,
1158 1210 1208 1285 ita

107 1317 220 1413 multo
245 1339 352 1413 etiam
376 1339 494 1412 minus
518 1337 578 1427 illi,
604 1339 666 1437 qui
696 1339 910 1413 Sanctorum
939 1341 1032 1418 vitas
1063 1340 1208 1415 horrido

107 1469 316 1571 plerumque
341 1479 379 1544 et
402 1469 536 1543 inculto
562 1468 645 1544 stilo
671 1470 986 1547 conscribillarunt.

203 1601 374 1700 Denique
385 1602 423 1672 in
434 1600 719 1700 variisEuropae
733 1600 957 1677 bibliothecis
970 1603 1209 1702 ingenslibro·

107 1709 187 1809 rum
210 1757 379 1807 numerus
404 1731 501 1822 latet,
528 1729 589 1831 qui
614 1731 732 1806 medio
758 1757 845 1809 aevo
859 1733 953 1834 apud
977 1731 1136 1808 Graecos
1162 1733 1207 1807 de

33 1908 40 1919 ·
108 1864 268 1966 pluribus
282 1864 410 1938 artium
431 1862 742 1963 doctrinarumque
768 1866 968 1965 generibus,
994 1864 1039 1940 de
1064 1867 1208 1955 musica,

107 1996 363 2086 mathematica,
388 1994 574 2085 medicina,
598 1995 763 2070 butanica
788 2007 876 2088 arte,
902 1997 948 2073 de
973 1996 1123 2072 historia
1147 2024 1209 2071 na-

107 2128 222 2219 turali,
239 2127 290 2202 de·
311 2128 447 2203 chemia
472 2126 622 2226 aliisque
647 2128 836 2229 compositi
861 2139 955 2204 sunt.
1007 2129 1082 2228 Qui
1100 2155 1209 2229 quum

108 2261 291 2335 abundent
303 2259 458 2337 novitiae
468 2258 609 2361 linguae
628 2258 853 2350 dictionibus,
877 2261 1006 2361 partim
1031 2260 1114 2358 quia
1139 2286 1208 2351 res,
1261 2304 1269 2315 ·

107 2392 153 2466 de
167 2392 296 2492 quibus
309 2390 507 2481 disseritur,
530 2390 713 2468 veteribus
738 2391 881 2492 ignotae
905 2390 1054 2480 fuerant,
1079 2391 1209 2491 partim

107 2524 190 2625 quia
200 2522 325 2600 talium
337 2521 589 2624 opusculorum
598 2532 763 2598 auctores
777 2525 969 2621 genuinum
986 2523 1209 2623 antiquitatis

107 2656 262 2731 colorem
288 2655 334 2728 ob
359 2655 531 2754 majorum
555 2653 731 2727 sermonis
755 2654 990 2753 ignorantiam
1020 2679 1094 2726 non
1119 2679 1210 2728 sem-

105 2815 172 2889 per
196 2812 339 2866 servare
363 2794 546 2888 poterant:
572 2784 719 2861 evidens
745 2794 811 2876 est,
837 2782 995 2859 adhaec
1020 2809 1127 2884 opera
1158 2782 1210 2856 so·

106 2945 165 2996 ras
190 2920 304 2994 danda
330 2919 504 2994 editorem
518 2917 653 3018 requiri
671 2912 785 3019 aeque
800 2916 925 2991 harum
944 2914 1209 3014 disciplinarum
1285 2996 1291 3005 ,

108 3061 216 3150 atque
241 3049 443 3152 graecitatis
468 3048 636 3148 antiquae
667 3059 705 3124 et
733 3049 944 3124 recentioris
976 3048 1125 3124 scientia
1155 3049 1236 3120 in·¹

106 3191 296 3258 structum.
343 3179 402 3255 Ne
416 3180 497 3279 quis
520 3205 608 3255 vero
633 3181 837 3271 contendat,
860 3181 1005 3282 indigna
1021 3205 1103 3255 esse
1119 3179 1208 3251 haec

105 3313 294 3403 volumina,
320 3337 411 3410 quae
434 3309 549 3385 lucem
574 3312 756 3411 aspiciant,
793 3321 918 3412 utpote
942 3310 1206 3410 superstitionis

108 3454 146 3520 ct
176 3444 388 3545 ineptiarum
418 3442 640 3543 plenissima,
675 3441 890 3541 locupletem
928 3442 1044 3517 citabo
1074 3446 1206 3519 te'Stem

107 3576 149 3653 C.
173 3574 307 3651 Bened.
331 3575 490 3665 Hasiu'm,
514 3574 629 3649 virum
655 3598 780 3673 graece
806 3573 1061 3662 doctissimum,
1086 3573 1207 3646 huma·

105 3708 292 3784 nissimum
317 3705 484 3805 omnique
507 3729 640 3804 genere
665 3702 779 3777 laudis
803 3702 1127 3792 cumulatissimum,
1145 3702 1207 3801 qui

107 3838 219 3913 multo
244 3838 404 3912 codicum
427 3834 664 3911 bibliothecae
687 3834 871 3912 Parisinae
896 3860 965 3909 usu
990 3835 1138 3908 edoctus
1167 3833 1206 3905 in

108 3970 164 4045 his
190 3968 296 4045 etiam
319 3968 447 4041 libellis
472 3966 621 4066 plurima
645 3966 732 4042 dicit
756 3967 849 4041 scitu
867 3965 972 4068 digna
994 3965 1096 4055 tradi,
1115 3990 1206 4064 quae

110 4101 154 4175 ad
186 4099 403 4200 singularum
433 4096 698 4195 disciplinarum
728 4098 913 4172 historiam
943 4096 1204 4172 illuminandam

110 4231 204 4306 baud
228 4256 353 4331 parum
376 4230 493 4304 facere
516 4225 691 4303 videntur.
747 4228 801 4303 Cf.
833 4254 924 4328 quae
949 4229 993 4302 ab
1019 4254 1061 4304 eo
1086 4228 1207 4326 dispu-
