2700 4672
58 389 298 479 Lichopinacis,
322 391 375 474 qui
396 390 507 456 statim
528 399 616 455 totus
637 400 687 456 est
704 399 863 473 mortuus,

57 520 210 587 tenebrae
221 544 359 608 magnae
372 525 478 610 ipsum
489 525 672 604 obruerunt,
689 522 882 605 eaquobora
899 536 1086 591 occaecatus
1102 539 1159 593 est

59 656 220 720 Prasacus
241 655 322 720 baec
344 656 479 736 videbat,
503 657 604 720 currit
625 654 772 719 erilium
794 654 1046 744 comprehendit,

58 788 139 873 pede
160 809 232 851 eum
255 786 368 867 trabit,
391 798 424 850 et
446 786 482 849 in
504 798 655 870 stagnum
677 787 799 870 aincit.

57 920 162 983 Tenet
184 933 262 982 eum'
278 919 410 997 cervice,
433 936 501 980 non
522 929 629 1004 potest
651 917 792 1001 effugere

58 1061 196 1114 mortem
219 1040 468 1130 acerbissimam,
490 1048 546 1113 sed
568 1047 638 1112 illic
659 1048 833 1115 suffocatus
854 1059 913 1112 cst.

15 1165 17 1170 ³
59 1180 264 1267 Psiclrarpax
287 1182 436 1261 cucurrit,
459 1180 613 1245 velociter
633 1191 670 1245 ut
691 1181 884 1261 subveniret,

60 1314 129 1378 suis
152 1308 365 1378 familiaribus
385 1304 543 1376 auxilium
566 1323 602 1376 ut
623 1313 714 1376 daret
730 1312 864 1394 (iamet).

60 1445 130 1509 Vix
151 1447 187 1509 in
209 1456 332 1510 terram
352 1443 492 1508 redierat
513 1444 685 1526 Pracaous,

62 1598 133 1641 cum
154 1598 227 1642 eum
250 1575 345 1641 hasta
366 1577 527 1663 percussit
548 1574 751 1664 Psicharpax
767 1577 907 1660 juvenis.
931 1624 934 1629 -

62 1707 181 1773 Coram
203 1710 273 1796 ipso
296 1718 449 1772 extensus
471 1718 530 1788 est,
554 1707 679 1789 cecidit,
703 1708 827 1772 occisus
849 1719 899 1772 est

62 1851 96 1904 et
118 1842 227 1929 anima
249 1843 319 1923 ejus
340 1840 429 1904 brevi
451 1841 488 1903 in
510 1840 630 1904 Orcum
652 1841 795 1926 proiecta
816 1851 876 1904 est.

64 1971 293 2036 Crambobatcs
315 1973 503 2052 accucurrit,
526 1991 620 2036 nemo
642 1991 715 2035 cum
738 1972 883 2059 impedit,

63 2105 160 2168 sumit
181 2104 283 2167 lutum
305 2101 413 2183 humo,
435 2124 578 2189 pugnum
600 2123 693 2167 suum
716 2101 838 2190 implet,

63 2246 97 2299 et
112 2235 197 2318 jacit
218 2235 254 2297 in
276 2234 401 2315 facicm,
424 2235 588 2315 nimirum,
609 2245 646 2298 ut
667 2245 857 2299 excaecaret

62 2368 182 2429 bonum
203 2364 467 2451 Psicharpagem,
491 2377 524 2428 ct
546 2385 618 2429 cum
639 2376 778 2430 necaret

63 2496 124 2560 Ille
146 2515 221 2560 vero
243 2517 279 2560 sc
301 2495 481 2577 inclinavit,
504 2507 630 2563 etcum
653 2498 704 2562 ira
727 2515 858 2562 manum
880 2498 1035 2580 extendit,

63 2627 263 2714 lapidemque
286 2628 494 2692 fortissimum
516 2626 614 2691 humo
636 2628 732 2693 tollit.

66 2757 301 2823 Crambcbaten
323 2781 362 2824 eo
384 2759 545 2846 percussit
565 2759 601 2822 in
622 2761 766 2847 pedibus,

67 2910 139 2954 ossa
161 2894 230 2974 ejus
253 2891 414 2954 contrivit.
459 2889 568 2970 (Tunc
589 2891 662 2974 ille)
684 2911 780 2980 super
801 2890 935 2957 herbam

28 3105 31 3111 .
65 3021 1165 3106 cruribussursumporrectisextensusjacuit,ibiutanimamelilarct.

65 3141 281 3235 Craugasides
303 3154 492 3231 accucurrit,
514 3162 551 3215 ut
573 3153 604 3216 ai
626 3153 848 3239 opitularetur,

64 3281 319 3368 Psicharpagem
340 3281 469 3363 invasit,
491 3282 560 3365 agit
581 3283 701 3365 utico,

65 3415 101 3477 in
123 3433 195 3476 eum
218 3414 374 3476 contorsit
389 3414 541 3495 junceam
563 3411 699 3480 hastam.

65 3543 182 3607 Ventri
205 3543 358 3625 (vulnus)
379 3544 478 3624 dedit,
501 3545 627 3627 (unde)
652 3567 746 3611 omne
768 3547 850 3611 exiit

60 3679 154 3758 Jecur
175 3678 256 3759 ojus,
279 3686 312 3738 et
332 3675 488 3737 intestina
511 3687 585 3738 ante
607 3677 713 3761 ipsum
735 3678 836 3740 effusa
857 3689 941 3741 sunt.
1039 3753 1041 3757 ¹

65 3805 280 3887 Troglodytas
300 3805 428 3870 videbat
449 3802 540 3887 haec,
563 3793 602 3870 ac
626 3806 750 3888 metuit,

66 3945 99 3998 et
121 3936 205 4020 fugit
228 3956 247 3998 e
268 3936 402 4021 proelio,
424 3937 461 4000 in
483 3938 663 4022 fossamque
685 3958 722 4005 se
743 3939 920 4005 abscondit

66 4065 216 4130 Periculo
238 4065 342 4129 noluit
364 4067 563 4132 committere
585 4090 702 4157 corpus
722 4090 826 4151 suum,

66 4196 123 4260 sed
144 4197 280 4264 dedecus
301 4196 402 4262 voluit
423 4195 543 4264 babere
563 4219 622 4288 per
643 4201 743 4266 vitam
764 4220 864 4267 suam.
