2700 4672
117 266 189 337 Pis)

119 458 290 516 Dominutiva
307 457 484 512 recentiorum
501 453 664 511 Graecorum
683 453 717 512 G.
736 454 770 510 al
787 454 818 514 P.
835 475 862 512 v.
880 458 907 510 6.

121 567 260 641 Digamma
279 571 408 640 sequente
426 561 536 621 Gasnma
552 560 587 619 C.
604 579 632 619 v.
650 561 696 618 65.

667 723 696 789 E

123 847 233 925 Ellipsis
250 846 365 903 nominis
383 844 475 920 steppo}
494 842 600 921 mando
617 862 671 899 non
688 840 852 899 admittenda
870 839 904 898 C.
923 862 950 901 v.
969 844 1031 902 363.

667 988 695 1055 F

123 1086 260 1168 Pcminina
278 1110 469 1184 adjectivorum
487 1109 697 1183 compositorum
715 1129 731 1163 a
749 1106 828 1182 vulgo
846 1105 957 1163 formata
978 1108 1012 1166 C.
1031 1108 1065 1165 acl
1083 1109 1114 1164 P.
1134 1131 1160 1169 r.
1179 1114 1225 1168 48.

125 1216 225 1275 Finalis
242 1236 367 1274 versuum
384 1224 529 1271 concentus
547 1213 581 1270 C.
600 1213 634 1269 al
652 1213 687 1271 D.
703 1233 731 1271 v.
748 1216 776 1270 8.

125 1323 301 1379 Fuscanetom
319 1323 377 1378 sive
395 1321 556 1378 [astanetum
574 1317 608 1376 C.
626 1317 659 1375 ad
677 1340 704 1376 v.
722 1321 784 1376 307.

124 1428 273 1485 Fuscanum
291 1429 349 1483 sive
367 1424 499 1482 lustenam
518 1425 554 1483 G.
571 1424 605 1481 ad
622 1445 649 1482 v.
667 1428 730 1481 307.

124 1535 147 1591 F
149 1544 254 1591 uturum
271 1533 493 1611 periphrasticum
511 1531 580 1607 apud
599 1533 761 1588 recentiores
780 1530 813 1590 C.
832 1530 867 1587 ad
885 1531 916 1590 P.
933 1551 960 1591 v.
978 1534 1012 1586 ‘21
1032 1541 1060 1588 et
1077 1535 1120 1589 22.
1145 1553 1172 1590 r.
1188 1536 1238 1591 163

161 1650 189 1695 et
206 1642 260 1697 282
277 1648 305 1695 et
321 1639 464 1715 praecipue
481 1657 508 1694 v.
527 1639 589 1693 468.

667 1783 697 1846 G

126 1900 237 1960 Gemma
254 1911 282 1958 et
299 1900 430 1976 digamma
447 1901 552 1958 litterae
570 1912 695 1979 cognatae
714 1901 748 1960 C.
768 1924 793 1960 v.
813 1884 867 1960 6-5.Ι

127 2008 269 2066 Genitivus
286 2026 336 2083 pro
354 2006 446 2066 dativo
465 2006 499 2066 C.
518 2008 554 2066 Da
571 2028 597 2064 v.
618 2010 642 2067 1.

672 2153 690 2216 1

127 2272 266 2330 inclinatio
284 2291 380 2330 vocum
399 2293 477 2349 quam
494 2273 548 2330 late
564 2281 653 2350 pateat
671 2273 698 2327 in
716 2269 818 2347 vulgari
836 2292 958 2328 sermons
977 2271 1011 2330 C.
1028 2272 1064 2331 D.
1081 2292 1107 2331 v.
1128 2278 1153 2332 1.

128 2379 284 2454 ltnpcrativi
301 2379 403 2436 Aorist.
421 2390 472 2434 act.
491 2378 561 2456 apud
580 2379 742 2435 recentiores
760 2377 794 2435 C.
813 2377 844 2436 P.
861 2399 889 2434 v.
909 2382 951 2436 18.

128 2483 287 2560 lanperleeta
305 2487 385 2544 activ.
405 2485 478 2542 verb.
498 2485 584 2558 baryt.
604 2484 633 2539 in
651 2484 775 2540 inferiore
794 2485 936 2557 graecitate
955 2481 990 2540 C.
1008 2483 1086 2542 adv.
1107 2488 1170 2546 127.

128 2589 260 2647 Infinitivi
277 2608 342 2647 usus
360 2593 387 2647 in
405 2593 554 2660 sententiis,
573 2589 670 2667 quibus
688 2589 771 2646 loturi
790 2587 856 2666 qnid
873 2589 1026 2664 designatur
1044 2610 1068 2649 c.
1086 2610 1113 2650 v.
1132 2595 1197 2654 263.

663 2736 708 2799 N.

128 2855 259 2912 Neutrum
280 2852 391 2932 pluralis
412 2855 514 2912 numeri
537 2853 729 2929 adjectivorum
752 2853 872 2913 atlverbii
894 2855 982 2914 locum
1001 2875 1134 2932 occupans
1153 2855 1188 2914 C.
1209 2857 1243 2913 ad

164 2979 191 3018 v.
209 2962 254 3030 62,
272 2963 318 3027 72,
335 2961 398 3016 243.

129 3065 244 3124 Nomina
265 3073 357 3121 neutra
379 3062 517 3140 pluraliter
541 3066 675 3121 enuntiata
701 3084 762 3121 cum
790 3066 881 3122 verbis
908 3067 1080 3142 singulariter
1102 3069 1242 3145 expressis

165 3192 244 3248 qoem
261 3189 339 3228 usum
356 3169 427 3245 apud
444 3179 549 3228 veteres
567 3170 708 3228 habuerint
726 3171 760 3230 G.
779 3170 813 3228 ad
830 3192 857 3230 v.
877 3174 939 3228 464.

130 3276 295 3334 Nominativi
312 3295 408 3333 vocum
425 3278 573 3334 recentium
594 3297 628 3335 cx
645 3279 806 3337 accusativis
829 3279 995 3354 antiquarum
1017 3280 1124 3341 formati
1148 3279 1185 3340 C.
1210 3280 1243 3336 ad

166 3384 336 3447 v.28,106.

130 3485 317 3546 Nominativus
334 3485 473 3564 singularis
491 3487 679 3545 vocabulorum
695 3489 724 3545 in
742 3513 766 3555 ις
784 3488 960 3548 desinentium
977 3513 993 3548 a
1017 3489 1095 3565 vulgo
1108 3489 1244 3551 interdum

168 3596 226 3652 sine
245 3619 258 3660 ς
275 3593 402 3668 prolatus.
440 3590 475 3650 C.
492 3611 519 3652 v.
538 3596 599 3651 277.
1163 3572 1167 3577 ¹

673 3740 703 3805 P

132 3855 274 3932 Participia
292 3874 363 3934 pass.
382 3856 492 3912 barbare
510 3876 560 3933 pro
579 3867 630 3913 act.
650 3857 683 3917 C.
702 3857 736 3914 acl
753 3857 783 3917 P.
803 3877 828 3916 v.
849 3862 892 3915 13.

132 3959 271 4017 Passimm
290 3962 317 4017 in
335 3960 417 4019 medii
434 3962 523 4021 locum
540 3963 714 4020 substitutum
732 3962 766 4020 G.
786 3963 820 4021 atl
837 3964 867 4024 P.
887 3985 914 4024 v.
934 3968 976 4023 11.

132 4065 312 4124 l‘crlectorum
330 4077 449 4125 veterum
467 4068 594 4146 reliquiae
612 4068 647 4127 D.
665 4090 692 4129 v·
712 4072 773 4129 376.

133 4171 422 4252 Plusquampcrlectum
440 4174 662 4252 periphrasticum
680 4174 714 4234 C.
733 4196 760 4234 v.
779 4179 840 4235 468.

132 4277 336 4339 Praeteritorum
354 4290 503 4359 temporum
521 4300 585 4338 usus
604 4279 638 4340 C.
655 4302 681 4339 v.
700 4283 761 4340 468.
