2700 4672
209 158 374 243 ot'

207 386 267 455 pro
289 359 488 449 ε’γυωρῖσξθην
509 367 608 431 audit.
653 362 742 429 Idem
765 364 932 430 diccrrdum
955 363 994 426 de
1018 355 1213 443 a‘opexripeoc
1229 365 1314 446 quod

208 511 302 554 versu
323 491 470 572 sequenti
491 489 620 572 legitur.
665 489 736 552 Hoc
764 489 853 552 enim
881 509 902 551 n
930 488 1024 551 verbo
1052 478 1160 566 ‹rplyo›
1189 488 1314 550 deriva-

206 625 275 677 tum
301 632 360 700 pro
390 586 588 692 c’opu'itrntoun
613 609 664 675 vel
692 602 900 690 ε’σμῖχβψοαν
928 610 948 673 i.
970 630 999 672 e.
1027 599 1235 688 ε”σμίχβησαν
1256 630 1313 696 po-

206 736 304 799 situm
327 747 385 798 est.
961 788 972 799 2

339 856 380 923 V.
404 853 457 919 32.
503 845 709 932 ἐφιλεῦτησαν
741 875 783 919 cx
819 855 946 941 plebejs
983 852 1216 919 consuetudine
1249 875 1311 941 pro

207 967 431 1057 ἐφιλεύῇησαν.
474 969 590 1054 pristin
611 981 648 1043 in
671 979 821 1042 citeriore
844 978 1027 1042 Graecitate
1049 979 1234 1065 plerumque
1257 979 1310 1040 de·

206 1102 328 1185 signm:
356 1095 580 1186 hospitaliter
608 1096 761 1187 excipio,
791 1099 848 1165 hic
869 1102 994 1165 rariore
1016 1122 1076 1164 usu
1098 1098 1243 1164 amandi
1265 1102 1309 1164 si-

205 1223 394 1306 gnificatum
416 1222 521 1287 habet
545 1253 590 1270 -·
611 1212 693 1292 τότες
714 1224 893 1307 vulgariter
913 1242 973 1308 pro
995 1197 1069 1283 sdrc.
1091 1255 1134 1270 -

336 1345 378 1412 V.
401 1343 455 1410 34.
500 1337 542 1405 nol
563 1338 706 1426 γενοῢμέ
730 1356 865 1409 accentu
886 1346 982 1409 metri
997 1365 1094 1410 consa
1110 1347 1309 1432 transposito

202 1487 262 1554 pro
284 1459 328 1528 ool
347 1460 511 1550 poitovpe'„
539 1472 628 1552 cujus
656 1467 727 1532 loco
750 1468 867 1532 eruditi
893 1468 1004 1532 dicunt
1025 1458 1069 1528 cd
1090 1462 1234 1550 pc'oopan
1255 1469 1308 1532 vcl

203 1583 248 1650 rol
268 1581 430 1671 peincopccn.
472 1590 532 1654 Est
553 1603 660 1656 autem
686 1583 830 1672 γένωμεν
857 1590 1088 1672 conjunctivus
1114 1591 1307 1654 recentioris

203 1714 317 1778 coristi
345 1714 433 1779 verbi
461 1705 607 1794 γίνομαι,
636 1717 725 1798 quus
753 1714 867 1777 aot-isti
893 1712 1088 1776 indicativus
1109 1714 1144 1776 in
1168 1712 1197 1777 1.
1219 1734 1305 1800 pers.

202 1838 286 1919 sing.
309 1846 359 1900 est
382 1822 488 1916 ’ἔγεινα
510 1834 561 1899 vel
584 1822 683 1917 ἔγιυα.
727 1835 778 1898 De
799 1833 958 1922 particula
979 1826 1038 1910 vol,
1066 1836 1096 1898 si
1124 1854 1196 1899 cum
1219 1835 1305 1898 Con-

197 1959 342 2041 junctivo
365 1968 548 2040 constructa
559 1936 630 2038 est,
654 1958 752 2022 futuri
774 1957 927 2042 temporis
949 1957 1057 2021 indice
1074 1961 1145 2042 jam
1170 1958 1211 2023 ad
1234 1977 1305 2022 ver-

202 2100 272 2145 sum
294 2077 347 2144 22.
369 2080 520 2146 diximus.

333 2201 374 2265 V.
400 2201 452 2266 35.
498 2195 647 2280 φαίνεσαι
675 2198 819 2280 videris,
848 2202 952 2265 forma
978 2203 1187 2289 primigenia,
1218 2222 1304 2286 quae

201 2345 260 2412 per
282 2346 408 2391 omnem
430 2300 631 2389 sacculorum
653 2327 769 2390 seriem
796 2325 833 2388 in
854 2324 980 2408 vulgari
1001 2346 1148 2390 sermono
1175 2346 1333 2390 roman„

200 2450 253 2513 sit.
299 2449 348 2514 cf.
371 2448 563 2513 Buttmanni
585 2447 761 2511 Grammat.
785 2448 933 2533 amplior.
964 2449 1055 2512 Tam.
1079 2449 1104 2513 t
1126 2467 1198 2534 pag.
1222 2447 1301 2513 354.

200 2570 274 2633 adn·
298 2569 329 2635 8.
367 2604 411 2618 ·-
448 2559 503 2645 τὴν
529 2561 649 2650 θεωρία
675 2590 733 2656 pro
756 2559 810 2645 τὴν
831 2564 979 2651 scopiac,
1002 2570 1085 2654 quod
1105 2590 1222 2633 nomen
1244 2569 1302 2635 hic

200 2691 286 2755 nihil
307 2695 372 2757 nisi
395 2701 579 2778 aspectum,
601 2703 637 2756 ut
657 2691 845 2778 plerumque
868 2695 953 2782 apud
974 2706 1104 2764 nostrae
1124 2694 1299 2757 memoriae

200 2814 350 2895 Graecos,
374 2816 504 2878 indicat.

330 2937 372 3000 V.
396 2933 449 3000 36.
494 2923 557 2994 ἀπὸ
586 2924 705 3015 poppa&
734 2940 852 3005 omisso
879 2960 899 3000 ν
925 2937 1018 3005 finali
1044 2959 1103 3025 pro
1132 2929 1192 2998 dod
1221 2960 1297 3020 μορ.

136 3062 140 3068 ’
197 3048 285 3137 (pitin
329 3057 389 3121 Est
410 3067 515 3120 aulem
536 3050 657 3138 μορφιοὶ
666 3021 729 3126 Vel
754 3056 875 3144 proppius
893 3059 1036 3150 forma,
1061 3057 1278 3146 pulchritudo
1285 3084 1295 3139 3

95 3254 108 3272 x
197 3198 291 3259 quam
312 3199 421 3242 vocem
444 3189 624 3244 truncatam
646 3204 732 3265 esse,
759 3187 816 3249 vix
838 3196 904 3265 est,
934 3186 1017 3266 quod
1044 3202 1198 3247 moneam.
1241 3181 1294 3245 Ex

196 3290 351 3379 εὐμορφία
378 3300 503 3365 scilicet
529 3304 660 3369 usitato¹
675 3308 811 3390 quadam
844 3307 1022 3389 objectione
1049 3303 1105 3363 rod
1129 3326 1151 3361 o
1176 3312 1248 3387 post
1277 3325 1292 3360 ε

197 3422 342 3484 lecerunt
358 3423 474 3486 Graeci
497 3418 641 3508 ε’μορφία,
665 3431 719 3509 (ci.
743 3447 822 3491 vers.
847 3422 934 3504 tit.)
955 3423 1077 3507 pariter
1098 3432 1193 3503 atque
1208 3414 1292 3502 ρἕα

194 3563 253 3628 pro
276 3536 377 3622 ῥεῦμα
399 3546 521 3624 dicunt3
544 3570 640 3634 porro
657 3569 698 3611 ex
713 3536 846 3624 ἐμωρφία
861 3555 964 3604 ortum
980 3553 1031 3605 est
1047 3534 1193 3623 ὀμορφία,
1211 3545 1289 3624 (vid.

194 3665 267 3728 adn.
297 3667 338 3729 ad
368 3688 448 3730 vers.
478 3666 552 3749 il.)
580 3669 714 3747 denique
737 3663 849 3727 ablate
877 3663 983 3750 prima
1010 3663 1135 3746 syllaba
1164 3669 1291 3734 exstitit

190 3779 320 3866 popolo.
365 3787 535 3854 Enimvero
562 3786 695 3872 perinde
725 3805 796 3876 esse
824 3785 939 3866 liquet,
969 3797 1074 3850 utrum
1096 3787 1150 3851 hic
1171 3789 1290 3872 aliquis

190 3919 290 3993 ponat
311 3900 374 3970 clad
395 3899 524 4010 propotu}
545 3925 589 3968 an
611 3897 662 3965 ἀπ’
686 3895 833 4010 inopus&
863 3928 956 3989 quam
977 3911 1186 3995 posteriorem
1208 3916 1289 3977 scri·

189 4041 314 4114 pturam
336 4028 567 4117 praetulissem,
590 4029 678 4093 siin
701 4039 790 4094 textu
812 4031 943 4096 inventa
965 4044 1117 4100 esset-
1140 4028 1289 4110 βασιλεία

187 4153 210 4216 i.
233 4176 260 4219 e.
284 4142 457 4230 βασιλείαν.

1155 4275 1205 4341 ¹V.
1231 4279 1286 4345 37.
