2700 4672
92 233 163 306 136

224 423 266 492 V,
289 419 364 489 374.
410 410 547 494 deneas,
563 408 756 482 subaudiri
778 410 847 498 χέρι
869 432 1006 481 manum
1027 416 1196 483 exlendit.
1226 446 1228 455 ⁴

92 551 146 619 De
168 539 277 610 ἕπίασε
299 547 340 609 cl·
363 544 471 608 adnot.
493 541 535 605 ad
557 560 638 605 vers.
663 538 738 605 203.
766 574 809 586 -
836 530 985 617 ᾰσηκὸνει
1007 543 1028 604 i.
1051 563 1081 622 q.
1103 528 1198 618 σηκᾶ.

94 695 162 752 νει,,
184 673 225 736 de
246 690 308 752 quo
329 669 426 731 verbo
447 665 501 747 egi
524 664 565 727 ad
587 683 669 727 vers.
694 661 768 727 191.
818 663 889 727 Hoo
919 684 1050 745 quoque.
1066 667 1200 728 verbum

94 792 277 881 exemplum
299 791 431 877 praebet
452 783 625 873 euphoniei
646 784 736 851 illius
757 807 791 866 α,
815 790 905 871 eujus
926 788 1122 852 mentionem
1137 788 1201 851 feei

96 918 241 985 advers.
265 910 340 978 372.

227 1035 269 1098 V.
292 1032 369 1099 375.
413 1015 554 1094 dolove
581 1029 604 1092 i.
625 1050 652 1093 e.
679 1020 818 1092 ἀπέλυσε
847 1032 991 1117 proprie:
1020 1030 1059 1110 (e
1080 1035 1199 1119 marro)

96 1154 244 1231 dimisit,
271 1153 355 1239 quod
384 1172 479 1236 quum
501 1151 541 1216 de
563 1151 681 1238 lapidis
698 1155 791 1235 Jaetu
813 1153 1026 1237 intelligatur,
1049 1175 1130 1219 nove
1153 1157 1200 1223 di-

87 1293 184 1348 etum
204 1291 263 1344 est.
645 1262 648 1266 ’

228 1401 272 1466 V.
296 1395 370 1464 376.
405 1388 430 1457 s’
456 1386 575 1460 dould'
598 1397 620 1459 i.
639 1417 667 1459 e.
689 1384 724 1456 rei
746 1374 885 1457 doado..
923 1396 983 1462 Sia
1003 1401 1201 1464 recentiores

94 1520 259 1592 verticem
279 1523 347 1589 sive
363 1539 527 1584 summam
549 1519 665 1605 eapitis
687 1530 812 1605 partem
834 1540 855 1583 a
874 1520 1076 1596 mollitudine
1092 1523 1201 1610 appel.

96 1647 178 1712 lant.
224 1645 359 1710 Crustas
380 1638 527 1726 sinciput
553 1663 624 1706 esse
650 1652 768 1728 putans
795 1661 912 1726 magno
935 1644 972 1704 in
994 1664 1103 1709 errore
1131 1667 1200 1711 ver.

96 1780 197 1836 sator.
227 1799 271 1817 -
298 1752 414 1846 alienae
435 1783 503 1827 aar.
525 1765 615 1831 verbi
637 1754 788 1844 εὑρίσκω,
814 1784 874 1849 pro
898 1785 959 1846 quo
982 1777 1016 1828 et
1036 1754 1146 1846 εὕρηκε
1168 1781 1201 1831 et

97 1885 207 1973 εἰρῆκε
228 1899 262 1953 et
282 1873 357 1968 ηὗρε
378 1887 443 1950 diei
465 1896 601 1972 poterat.
650 1885 798 1953 Pertinet
820 1883 874 1950 hio
896 1889 1035 1954 aoristus
1062 1890 1104 1952 ad
1126 1890 1200 1958 reli-

97 2016 190 2096 quias
211 2021 354 2077 vetorum
375 2009 589 2097 perfectorum
611 2009 647 2072 in
669 2008 821 2071 inferiore
843 2012 1031 2097 graecitate.
1060 2011 1108 2080 Cl.
1125 2014 1199 2080 adn.

96 2136 239 2200 advers.
264 2129 300 2205 9.>
340 2129 389 2195 At
410 2131 616 2215 significatus.
634 2129 688 2196 hie
709 2130 871 2216 peculiare
894 2132 1014 2214 aliquid
1036 2133 1132 2202 habet
1154 2148 1201 2200 at.

91 2276 157 2340 ¹que
172 2258 212 2320 ab
228 2254 432 2336 antiquorum
448 2252 599 2336 loquendi
612 2254 841 2317 consuetudine
857 2253 1043 2322 abhorrens.
1073 2256 1201 2344 Quippe

95 2376 269 2464 respondet
291 2378 357 2439 lere
379 2379 474 2441 verbo
489 2374 674 2459 germanico
690 2373 829 2463 trffn,
844 2379 927 2457 quod
943 2379 982 2441 de
996 2400 1093 2465 seopo
1111 2400 1200 2442 resur.

94 2521 174 2586 pare
196 2497 346 2579 solemus,
370 2518 463 2581 quem
485 2497 556 2580 quis
578 2494 683 2577 hasta,
707 2497 868 2584 lapidibus
895 2500 1007 2564 aliisve
1035 2503 1129 2564 rebus
1152 2514 1200 2567 at-

93 2622 203 2704 tingit.
248 2619 366 2686 Latine
388 2623 488 2706 igitur
505 2614 737 2705 percutiendi,
749 2616 926 2708 feriendi,
947 2619 1069 2698 icendi,
1093 2621 1200 2692 attin.

43 2738 45 2745 ’
89 2740 197 2828 gaudi
218 2746 314 2811 verba
335 2743 503 2827 quadrant.

227 2862 270 2927 V.
294 2863 370 2933 377.
414 2852 566 2942 doluerint
588 2862 638 2927 vel
655 2853 843 2942 ῥουὲοῦυιον
857 2862 966 2941 noris,
981 2873 1086 2931 nasius
1101 2870 1200 2937 derni-

92 2987 239 3054 nativum
261 2998 310 3050 est
331 2985 484 3066 nominis,
509 3006 569 3067 quo
591 2997 713 3050 veteres
735 2998 867 3051 utuntur
889 2979 1009 3066 ῥώὲωυ.
1057 2991 1109 3058 De
1132 3014 1199 3059 inu.

92 3110 216 3171 tatione
238 3106 358 3175 vocalis
379 3129 405 3165 ω
428 3108 464 3175 in
492 3106 789 3193 diphthongum‘ov
816 3108 940 3176 loeutus
963 3134 1033 3180 sum
1061 3116 1102 3180 ad
1130 3115 1198 3183 dia-

91 3229 160 3313 logi
181 3248 264 3293 vers.
289 3228 319 3294 1.
357 3263 402 3281 -
440 3218 481 3288 τὰ
498 3219 612 3310 reuolui
640 3230 776 3317 pluralis
800 3229 1031 3318 heterogeneus
1054 3238 1198 3302 nominis

90 3341 224 3432 μυαλός,
247 3348 330 3430 quod
353 3351 519 3434 antiquam
540 3365 732 3440 potestatem
753 3355 900 3416 servavit.

224 3469 268 3534 V.
291 3469 366 3537 378.
413 3464 655 3557 ἐπορφυρῶβηκε
675 3472 851 3554 vulgariter
871 3495 931 3560 pro
954 3465 1172 3557 ε’πορφυρῶῇη.

221 3591 264 3661 V.
288 3592 362 3660 379.
406 3575 478 3659 aiod
504 3583 631 3676 μακρὰ,
665 3603 701 3656 ut
732 3613 814 3662 vers·
843 3591 924 3677 lou,
954 3617 974 3663 e
1001 3595 1196 3688 longinquo.

89 3712 200 3798 Vulgo
222 3735 309 3780 nune
332 3717 443 3781 dieunt
464 3705 528 3781 ἀπὸ
548 3704 687 3796 μακράν.
709 3751 753 3763 -
775 3703 881 3802 {rainu
905 3741 972 3785 aor.
995 3743 1083 3809 pass·
1105 3726 1197 3793 verbi

88 3825 189 3911 χύνω,
212 3857 274 3919 qua
296 3840 400 3904 forma
420 3857 480 3922 pro
502 3828 569 3910 χέω
586 3840 657 3922 Jam
671 3837 848 3927 Josephum
864 3843 1020 3928 aliosque,
1041 3847 1096 3928 qui
1111 3847 1197 3911 male

80 3957 298 4042 seripserunt,
320 3979 397 4023 usos
419 3979 489 4024 esse
511 3973 624 4029 notum
646 3972 705 4028 est.
751 3962 837 4034 Vide
864 3965 993 4034 Lobeok
1020 3969 1062 4039 ud
1089 3967 1196 4058 Phry.

86 4077 218 4149 niohum
239 4102 313 4170 pag.
337 4077 413 4151 726.
