2700 4672
1095 115 1098 124 ’
1180 159 1242 230 nt

137 344 197 408 Ait
211 345 278 424 ille,
299 346 334 408 in
351 347 529 432 recentiore
546 344 742 408 Graecorum
757 367 904 411 sermone
920 351 1075 413 aoristum
1098 356 1239 418 ornrrimn

136 480 314 553 temporum
340 470 587 554 praeteritorum
615 482 717 549 atque¹
744 469 902 534 interdum
933 473 1031 535 etiarn
1059 473 1237 557 plusquam-

134 592 269 677 perfecti
295 593 363 654 vice
392 594 492 674 lorrgi.
544 592 596 655 Ac
623 592 762 676 primum
791 594 915 673 quidem
945 615 1010 658 non
1039 597 1153 659 mirum
1177 612 1237 677 est,

135 714 284 796 quoodo
315 719 461 778 omnibus
491 716 687 799 temporibus
719 717 903 800 praeteritis
925 719 1066 799 Judicari
1100 732 1236 804 oportet,

133 838 217 899 idern
240 839 279 900 de
301 839 439 922 singulis
460 861 531 902 esse
554 839 732 902 dicendum.
764 839 873 914 Quare
890 841 1039 920 quoniam
1056 843 1235 926 plusquam.

130 961 305 1045 perlectum
327 964 363 1023 in
385 964 630 1048 praeteritorum
653 975 831 1048 temporum
853 980 986 1025 nurnero
1008 975 1067 1038 est,
1091 965 1184 1047 hujus
1200 979 1235 1031 ut

132 1095 328 1146 caeterorum
357 1087 495 1148 aoristus
524 1087 760 1150 eritvicarius.
812 1071 924 1167 Neque
951 1093 1026 1148 vero
1055 1085 1233 1170 plusquam·

130 1207 264 1290 perlecti
294 1211 402 1272 notio
419 1211 588 1290 quidquam
612 1209 766 1287 continet,
801 1208 882 1289 quod
911 1207 1101 1271 dissimilius
1128 1209 1172 1272 sit
1201 1212 1234 1274 ei

130 1348 211 1408 quae
234 1333 357 1394 adristo
373 1344 421 1394 est
438 1334 603 1416 potestati,
624 1350 719 1411 quam
735 1340 934 1392 caeterorum
950 1340 1128 1415 temporum
1142 1336 1232 1416 prae·

129 1453 297 1515 teritorum
324 1453 534 1536 significatio.
584 1453 670 1516 Nam
698 1473 793 1534 quum
820 1473 875 1530 ea,
899 1472 979 1532 quac
1002 1451 1080 1517 olim
1101 1467 1233 1539 peracta

128 1586 219 1653 sunt,
245 1577 309 1638 sic·
324 1577 441 1639 Graeci
470 1588 640 1656 enarrant,
669 1588 705 1638 ut
732 1577 767 1638 in
794 1573 866 1638 sola
888 1576 1056 1660 praeteriti
1078 1581 1231 1664 temporis¹

128 1698 400 1783 contemplatione
421 1702 609 1780 subsistant,
631 1719 733 1780 neque
754 1697 855 1761 ullam
877 1718 953 1761 suae
976 1681 1150 1762 memoriae
1173 1698 1230 1764 ha-

127 1821 225 1882 beant
257 1822 433 1902 rationem,
469 1822 595 1885 nullum
629 1822 717 1885 alind
745 1822 785 1885 ad
813 1821 1010 1886 narrandum
1043 1833 1152 1908 aptum
1180 1835 1231 1888 est

127 1953 261 2028 tempus,
275 1965 369 2026 quam
382 1947 580 2026 aoristi,sed
590 1947 646 2009 uhi
659 1946 737 2008 olim
749 1957 841 2028 gesta
852 1915 900 2008 sio
913 1945 1073 2026 referunt,
1087 1958 1122 2008 ut
1133 1947 1230 2011 simul

125 2078 326 2150 praesentem
355 2081 492 2132 aetatem
521 2070 712 2155 respiciant,
743 2069 925 2154 narrationi
951 2067 1057 2131 solum
1081 2071 1229 2135 convenit
1336 2090 1341 2099 ·

96 2189 310 2272 *perlectum
365 2190 477 2271 Itaque
505 2192 630 2272 antiqui
656 2210 789 2270 quorum
816 2193 984 2254 verborum
1010 2194 1152 2277 perlecta
1176 2193 1226 2258 vel

124 2311 196 2375 sine
219 2312 407 2376 difficultate
431 2314 562 2375 formari
586 2321 751 2398 poterant,
775 2310 825 2373 vel
846 2313 917 2396 ipso
939 2331 1031 2389 sono,
1055 2316 1107 2378 cui
1127 2314 1227 2399 pluri.
1286 2299 1289 2305 ’

123 2455 211 2497 mum
222 2437 413 2514 tribuebant,
439 2435 656 2498 commendari
678 2434 875 2512 videbantur,
898 2434 998 2496 iniis
1021 2433 1093 2515 hoc,
1110 2437 1226 2518 dequo

122 2559 217 2621 modo
234 2532 363 2632 locutus
385 2578 467 2638 sum,
489 2558 741 2623 Indicativorum
770 2556 905 2640 perlecti
932 2559 1086 2641 temporis
1112 2571 1147 2623 et
1172 2580 1226 2624 ao·

122 2681 196 2743 risti
219 2681 392 2744 discrimen
413 2703 484 2744 esse
505 2680 683 2745 voluerunt.
733 2675 801 2742 Sed
824 2679 949 2760 quando
972 2681 1147 2764 perlectum
1168 2683 1226 2745 dii.

122 2803 209 2866 fioile
237 2816 292 2868 aut
320 2806 458 2868 formalu
485 2817 542 2868 aut
567 2803 779 2891 pronuntiatu
805 2811 892 2882 erat,
920 2814 977 2866 aut
1003 2815 1089 2864 certe
1119 2804 1226 2869 minus
1263 2831 1267 2841 ·

121 2901 208 2990 bene
235 2931 386 3006 sonabat,
411 2931 482 3012 J'am
509 2940 632 2992 veteres
660 2926 712 2990 illi
741 2925 859 2988 Graeci
880 2924 987 2989 minrrs
1010 2938 1157 2988 accurato
1179 2925 1225 2989 lo-

123 3052 308 3129 quebantur,
332 3053 378 3114 ibi
401 3052 499 3114 etiam
525 3053 681 3115 aoristum
703 3048 908 3127 adhibentes,
936 3049 990 3112 ubi
1016 3048 1157 3133 perlecto
1179 3048 1225 3113 lo-

123 3189 179 3230 cus
206 3191 276 3232 csse
303 3173 443 3236 debebat.
498 3173 622 3235 Horum
657 3171 837 3257 exemplum
870 3170 1064 3257 posteriores
1096 3181 1226 3256 praetor

121 3293 345 3356 necessitatem
372 3295 489 3369 secuti,
523 3296 677 3381 temporis
705 3314 876 3380 progressu
904 3295 1013 3357 omnia
1040 3295 1226 3378 abjecerunt

120 3417 271 3501 perlecta,
296 3418 343 3480 ita
366 3430 402 3480 ut
424 3417 556 3481 citerior
582 3418 697 3502 lingua
723 3438 821 3498 usque
848 3430 881 3480 et
909 3437 1007 3498 usque
1030 3419 1168 3480 aoristos
1191 3419 1225 3479 in

118 3541 362 3624 narrationibus
383 3561 539 3627 usurpare
563 3552 673 3606 coacta
694 3542 747 3604 sit.
800 3541 892 3615 Quae
914 3539 1047 3622 perlecti
1071 3541 1224 3622 temporis

119 3663 192 3726 usui
214 3662 420 3726 difficultates
442 3683 671 3744 nonnunquam
693 3662 779 3745 apud
798 3671 923 3721 veteres
937 3648 1131 3735 obstabant,
1154 3677 1224 3722 eae-

118 3785 191 3848 dem
218 3786 316 3850 ctiam
345 3776 656 3873 plusquamperfecto
686 3781 815 3846 officere
849 3781 1045 3845 videbantur.
1100 3778 1224 3841 Verum

108 3908 246 3971 ‘etiamsi
268 3911 443 3996 perfectum
467 3909 631 3973 commode
653 3887 786 3971 formari
804 3894 848 3968 ac
864 3901 1071 3991 pronuntiari
1085 3910 1223 3987 poterat,

118 4049 221 4113 neque
243 4032 328 4096 male
350 4036 497 4113 sonabat,
521 4045 630 4096 tamen
652 4051 719 4109 non
741 4035 868 4115 seraper
890 4031 1103 4104 formabatur,
1126 4021 1176 4088 vel
1194 4023 1225 4097 si

951 4137 991 4201 10
1010 4135 1022 4161 ⁴
