2700 4672
209 232 269 286 ῘΝΙ

209 413 314 494 reret,
337 402 398 480 vix
410 410 552 478 metuo.
601 400 728 477 Liceat
741 401 811 478 hoc
825 404 864 477 in
881 402 959 481 aliis
976 402 1117 507 linguis,
1133 406 1173 480 in
1189 431 1316 510 graeca

208 562 282 611 non
311 535 411 624 licet,
441 536 542 633 cujus
572 559 702 611 vocum
732 533 980 637 plerarumque
1009 538 1188 638 'scriptura
1218 548 1317 615 certa

209 678 267 743 est
291 676 328 742 et
351 665 589 741 immutabilis.
639 666 783 767 Quodsi
799 666 890 740 Zeni
914 677 1029 749 aetate
1055 670 1228 768 quaedam
1253 698 1316 749 vo·

208 825 270 875 ces
294 797 524 888 recentiores,
548 825 698 898 quarum
724 798 937 899 etymologia
958 799 1119 875 nondum
1134 802 1315 879 intellecta

208 941 294 1022 erat,
318 931 409 1004 male
433 929 694 1020 scribebantur,
726 930 812 1004 mihi
836 941 957 1006 tamen
987 941 1107 1007 certus
1138 944 1176 1010 et
1204 960 1313 1013 verus

206 1073 411 1139 nostrorum
442 1071 643 1161 temporum
674 1062 854 1138 scribendi
884 1061 1012 1138 modus
1043 1064 1178 1166 ubique
1208 1093 1314 1168 repo·

205 1195 346 1270 nendus
372 1219 454 1269 esse
478 1192 578 1268 visus
604 1203 669 1268 est
719 1192 900 1294 Quocirca
925 1221 972 1269 ue
990 1195 1142 1271 Coraem
1167 1197 1313 1297 quidem

205 1326 321 1417 laudo,
348 1326 472 1426 quiin
496 1323 818 1426 Ptocboprodromi
835 1325 1197 1419 editione-vocabula,
1218 1357 1312 1431 quae

207 1460 245 1532 iu
285 1456 469 1533 codicibus
513 1455 605 1530 male
648 1457 781 1557 scripta
821 1457 1022 1550 inuenerat,
1053 1470 1193 1535 retenta
1221 1461 1311 1539 salsa

204 1587 384 1666 scribendi
415 1587 571 1678 ratione,
606 1587 840 1688 imprimebda
870 1589 1017 1665 curavit
1056 1591 1161 1667 ·Sunt
1188 1601 1311 1671 temen

202 1721 241 1796 in
266 1721 397 1821 quibus
423 1747 444 1794 a
468 1745 526 1794 me
551 1719 609 1792 alii
634 1719 826 1795 dissentire
843 1721 994 1821 possint.
1042 1721 1102 1797 De
1119 1722 1177 1798 his
1195 1727 1310 1801 omni·

202 1854 271 1928 bus
297 1853 334 1926 in
359 1850 625 1927 Commentario
648 1853 866 1927 mentionem
895 1851 965 1926 leci
988 1852 1217 1955 rationesque
1248 1883 1309 1932 ex·

202 1983 308 2085 posui
333 2009 425 2084 quae
448 1981 638 2059 lectionem
664 2011 683 2057 a
715 2010 773 2058 me
804 1984 842 2058 in
871 1992 1008 2058 textum
1038 1997 1220 2088 receptam
1249 1989 1308 2064 fir·

199 2125 347 2192 mareut
396 2113 471 2190 Sed
495 2124 537 2190 ut
559 2114 696 2215 liquido
721 2125 917 2206 constaret,
942 2117 1057 2218 qualis
1083 2120 1307 2219 superiorum

200 2248 377 2323 editorum
400 2256 522 2324 textus
546 2247 684 2338 suisset,
705 2256 818 2323 totam
841 2247 1006 2324 lectionis
1029 2250 1237 2328 varietatem
1267 2253 1305 2328 in

199 2380 486 2456 adnotationibus
511 2379 644 2456 criticis
669 2380 877 2471 memoravi,
903 2406 946 2455 eo
969 2383 1195 2482 potissimum
1221 2411 1305 2460 con-

199 2513 290 2604 silio,
314 2524 356 2588 ut
378 2511 437 2590 vel
461 2537 507 2587 ex
530 2536 603 2586 uno
627 2510 748 2587 Crusii
772 2511 896 2587 codice
919 2521 1070 2614 pateret,
1095 2526 1228 2615 quanta
1253 2518 1303 2594 sit

197 2669 454 2746 nonnunquam
485 2643 524 2717 in
547 2639 780 2720 membranis
794 2643 1013 2745 singulorum
1047 2647 1302 2724 elementorum

197 2800 439 2874 sonorumque
474 2775 645 2849 conlusio.
717 2773 837 2874 Quam
876 2784 1028 2865 tantam,
1065 2789 1198 2876 quanta
1235 2791 1302 2874 est,

89 2877 92 2881 ¹
194 2906 299 2981 multi
320 2930 395 2978 non
419 2903 643 3003 suspicantes
670 2929 751 2976 cum
776 2903 952 2979 anxietate
970 2907 1121 3005 quadam
1137 2911 1301 3014 vulgatae

195 3036 341 3112 lectioni
372 3035 408 3109 iu
440 3043 601 3112 veterum
619 3033 732 3111 libris
758 3033 1027 3114 adhaerescunt.
1083 3041 1300 3144 Interpreta-

194 3169 246 3244 tio
271 3168 395 3258 latina,
422 3193 493 3268 qua
517 3165 588 3242 hoc
612 3192 754 3242 carmen
776 3167 946 3262 instruxi,
970 3173 1099 3273 partim
1124 3175 1298 3252 Crusiana

194 3309 262 3391 est,
285 3298 413 3401 partim
439 3324 528 3372 mea.
575 3296 667 3374 Eam
692 3301 831 3378 scilicet
853 3302 1120 3378 translationem
1144 3334 1165 3380 a
1188 3307 1297 3406 pluri·

190 3431 260 3506 mis
279 3430 479 3506 lectoribus
504 3431 625 3532 expeti
648 3432 814 3524 sciebam,
840 3460 932 3533 quae
955 3436 1063 3510 verba
1089 3462 1215 3535 graeca
1239 3466 1296 3514 ao-

192 3574 313 3640 curate
337 3561 514 3654 redderet,
540 3563 679 3638 etiamsi
702 3563 790 3638 locis
817 3565 1028 3663 quibusdam
1053 3566 1169 3643 minus
1186 3568 1295 3645 latina

191 3707 304 3790 esset,
331 3723 437 3796 quam
461 3695 578 3794 laesae
601 3694 786 3769 latinitatis
817 3705 939 3770 uotam
968 3696 1019 3769 illi
1047 3697 1108 3773 vix
1138 3697 1293 3798 effugere

189 3839 358 3927 possunt,
408 3827 470 3928 qui
504 3823 653 3902 verbum
696 3834 725 3895 e'
752 3824 862 3899 verbo
897 3825 1093 3924 exprimere
1134 3830 1291 3905 student.

189 3956 433 4057 Quamobrem
457 3954 577 4031 Crusii
601 3948 939 4053 interpretationem,
955 3955 1061 4029 fidam
1077 3960 1220 4058 ubique,
1236 3961 1289 4034 sic

187 4089 403 4191 interpolare
434 4085 552 4185 coepi,
577 4095 619 4159 ut
647 4084 800 4184 primum
831 4113 894 4162 eos
920 4086 1017 4163 locos
1053 4089 1288 4182 emendarem,

187 4221 224 4295 in
250 4221 380 4321 quibus
405 4216 593 4291 manifesto
618 4241 764 4292 sensum
789 4243 861 4292 uon
877 4218 1132 4319 perspexisset,
1156 4219 1287 4300 deiude
