<?xml version="1.0" encoding="UTF-8"?>
<!DOCTYPE html PUBLIC "-//W3C//DTD XHTML 1.0 Transitional//EN"
    "http://www.w3.org/TR/xhtml1/DTD/xhtml1-transitional.dtd">
<html xmlns="http://www.w3.org/1999/xhtml" xml:lang="en" lang="en">
 <head>
  <title>
</title>
<meta http-equiv="Content-Type" content="text/html;charset=utf-8" />
  <meta name='ocr-system' content='tesseract 3.04.00' />
  <meta name='ocr-capabilities' content='ocr_page ocr_carea ocr_par ocr_line ocrx_word'/>
</head>
<body>
  <div class='ocr_page' id='page_1' title='image "./demetriizenipar00zngoog_0143.png"; bbox 0 0 2700 4672; ppageno 0'>
   <div class='ocr_carea' id='block_1_1' title="bbox 178 246 226 320">
    <p class='ocr_par' dir='ltr' id='par_1_1' title="bbox 178 246 226 320">
     <span class='ocr_line' id='line_1_1' title="bbox 178 246 226 320; baseline -0.042 0"><span class='ocrx_word' id='word_1_1' title='bbox 178 246 226 320; x_wconf 82' lang='lat'>68</span> 
     </span>
    </p>
   </div>
   <div class='ocr_carea' id='block_1_2' title="bbox 179 425 1286 767">
    <p class='ocr_par' dir='ltr' id='par_1_2' title="bbox 179 425 1286 767">
     <span class='ocr_line' id='line_1_2' title="bbox 180 425 1285 518; baseline -0.017 -11"><span class='ocrx_word' id='word_1_2' title='bbox 180 441 345 517; x_wconf 81' lang='lat' dir='ltr'>adverbio,</span> <span class='ocrx_word' id='word_1_3' title='bbox 374 436 457 518; x_wconf 85' lang='lat' dir='ltr'>quod</span> <span class='ocrx_word' id='word_1_4' title='bbox 479 433 533 497; x_wconf 87' lang='lat' dir='ltr'>hio</span> <span class='ocrx_word' id='word_1_5' title='bbox 555 431 740 495; x_wconf 87' lang='lat' dir='ltr'>vertendum</span> <span class='ocrx_word' id='word_1_6' title='bbox 764 425 852 491; x_wconf 85' lang='lat' dir='ltr'>sotis</span> <span class='ocrx_word' id='word_1_7' title='bbox 874 445 1049 515; x_wconf 77' lang='lat' dir='ltr'><strong><em>superque.</em></strong></span> <span class='ocrx_word' id='word_1_8' title='bbox 1095 426 1180 490; x_wconf 86' lang='lat' dir='ltr'>Nam</span> <span class='ocrx_word' id='word_1_9' title='bbox 1206 425 1285 489; x_wconf 87' lang='lat' dir='ltr'>Cru-</span> 
     </span>
     <span class='ocr_line' id='line_1_3' title="bbox 179 542 1286 647; baseline -0.016 -19"><span class='ocrx_word' id='word_1_10' title='bbox 179 566 246 628; x_wconf 86' lang='lat' dir='ltr'>sius</span> <span class='ocrx_word' id='word_1_11' title='bbox 267 563 377 647; x_wconf 87' lang='lat' dir='ltr'>lapsus</span> <span class='ocrx_word' id='word_1_12' title='bbox 399 569 459 639; x_wconf 84' lang='lat' dir='ltr'>est,</span> <span class='ocrx_word' id='word_1_13' title='bbox 481 542 616 635; x_wconf 77' lang='grc' dir='ltr'><strong><em>περισσά</em></strong></span> <span class='ocrx_word' id='word_1_14' title='bbox 642 554 779 616; x_wconf 86' lang='lat' dir='ltr'>reddens</span> <span class='ocrx_word' id='word_1_15' title='bbox 802 548 946 636; x_wconf 81' lang='lat' dir='ltr'>optiruis.</span> <span class='ocrx_word' id='word_1_16' title='bbox 998 550 1058 612; x_wconf 88' lang='lat' dir='ltr'>Est</span> <span class='ocrx_word' id='word_1_17' title='bbox 1085 550 1185 632; x_wconf 86' lang='lat' dir='ltr'>igitur</span> <span class='ocrx_word' id='word_1_18' title='bbox 1213 568 1286 611; x_wconf 91' lang='lat' dir='ltr'>sen·</span> 
     </span>
     <span class='ocr_line' id='line_1_4' title="bbox 180 670 1286 767; baseline -0.015 -17"><span class='ocrx_word' id='word_1_19' title='bbox 180 707 249 750; x_wconf 83' lang='lat' dir='ltr'>sus:</span> <span class='ocrx_word' id='word_1_20' title='bbox 271 703 360 748; x_wconf 87' lang='lat' dir='ltr'>nunc</span> <span class='ocrx_word' id='word_1_21' title='bbox 381 699 512 767; x_wconf 83' lang='lat' dir='ltr'>quoque</span> <span class='ocrx_word' id='word_1_22' title='bbox 534 673 616 739; x_wconf 85' lang='lat' dir='ltr'>aliis</span> <span class='ocrx_word' id='word_1_23' title='bbox 638 672 774 738; x_wconf 80' lang='lat' dir='ltr'><em>abunde</em></span> <span class='ocrx_word' id='word_1_24' title='bbox 794 670 916 761; x_wconf 77' lang='lat' dir='ltr'><em>impleo</em></span> <span class='ocrx_word' id='word_1_25' title='bbox 939 681 1089 737; x_wconf 82' lang='lat' dir='ltr'>ventrem</span> <span class='ocrx_word' id='word_1_26' title='bbox 1111 691 1226 737; x_wconf 76' lang='lat' dir='ltr'>merem.</span> <span class='ocrx_word' id='word_1_27' title='bbox 1243 705 1286 716; x_wconf 92' lang='lat'><em>-</em></span> 
     </span>
    </p>
   </div>
   <div class='ocr_carea' id='block_1_3' title="bbox 181 789 847 910">
    <p class='ocr_par' dir='ltr' id='par_1_3' title="bbox 181 789 847 910">
     <span class='ocr_line' id='line_1_5' title="bbox 181 789 847 888; baseline -0.017 -21"><span class='ocrx_word' id='word_1_28' title='bbox 181 797 236 882; x_wconf 62' lang='lat' dir='ltr'>alu</span> <span class='ocrx_word' id='word_1_29' title='bbox 261 794 366 866; x_wconf 78' lang='grc' dir='ltr'><strong><em>κοιλιά</em></strong></span> <span class='ocrx_word' id='word_1_30' title='bbox 386 825 451 882; x_wconf 84' lang='grc' dir='ltr'>μου</span> <span class='ocrx_word' id='word_1_31' title='bbox 472 820 533 888; x_wconf 83' lang='lat' dir='ltr'>pro</span> <span class='ocrx_word' id='word_1_32' title='bbox 555 789 610 873; x_wconf 74' lang='lat' dir='ltr'>risu</span> <span class='ocrx_word' id='word_1_33' title='bbox 631 789 754 857; x_wconf 77' lang='grc' dir='ltr'><strong><em>κοιλίαν</em></strong></span> <span class='ocrx_word' id='word_1_34' title='bbox 775 820 847 876; x_wconf 81' lang='grc' dir='ltr'><strong>μου.</strong></span> 
     </span>
     <span class='ocr_line' id='line_1_6' title="bbox 330 889 363 910; baseline -0.03 0"><span class='ocrx_word' id='word_1_35' title='bbox 330 889 363 910; x_wconf 50' lang='grc' dir='ltr'>ψ</span> 
     </span>
    </p>
   </div>
   <div class='ocr_carea' id='block_1_4' title="bbox 178 903 1288 3447">
    <p class='ocr_par' dir='ltr' id='par_1_4' title="bbox 181 903 1288 1130">
     <span class='ocr_line' id='line_1_7' title="bbox 312 903 1288 1005; baseline -0.014 -17"><span class='ocrx_word' id='word_1_36' title='bbox 312 925 355 988; x_wconf 91' lang='lat' dir='ltr'>V.</span> <span class='ocrx_word' id='word_1_37' title='bbox 379 923 433 987; x_wconf 84' lang='lat'>56.</span> <span class='ocrx_word' id='word_1_38' title='bbox 478 912 537 981; x_wconf 80' lang='grc' dir='ltr'>ἐσὺ</span> <span class='ocrx_word' id='word_1_39' title='bbox 557 921 733 1005; x_wconf 81' lang='lat' dir='ltr'>vulgariter</span> <span class='ocrx_word' id='word_1_40' title='bbox 755 940 814 1005; x_wconf 90' lang='lat' dir='ltr'>pro</span> <span class='ocrx_word' id='word_1_41' title='bbox 836 912 888 979; x_wconf 78' lang='grc' dir='ltr'>σύ.</span> <span class='ocrx_word' id='word_1_42' title='bbox 915 955 960 999; x_wconf 36' lang='grc' dir='ltr'>-Ι</span> <span class='ocrx_word' id='word_1_43' title='bbox 987 917 1039 981; x_wconf 89' lang='lat' dir='ltr'>De</span> <span class='ocrx_word' id='word_1_44' title='bbox 1060 914 1124 987; x_wconf 81' lang='grc' dir='ltr'>πῶς</span> <span class='ocrx_word' id='word_1_45' title='bbox 1146 907 1189 975; x_wconf 78' lang='lat' dir='ltr'>vol</span> <span class='ocrx_word' id='word_1_46' title='bbox 1211 903 1288 996; x_wconf 69' lang='grc' dir='ltr'>ἔχῃς</span> 
     </span>
     <span class='ocr_line' id='line_1_8' title="bbox 181 1041 1026 1130; baseline -0.013 -16"><span class='ocrx_word' id='word_1_47' title='bbox 181 1051 253 1115; x_wconf 87' lang='lat' dir='ltr'>vide</span> <span class='ocrx_word' id='word_1_48' title='bbox 275 1068 356 1130; x_wconf 85' lang='lat' dir='ltr'>qnae</span> <span class='ocrx_word' id='word_1_49' title='bbox 380 1046 616 1108; x_wconf 83' lang='lat' dir='ltr'><strong>observavimus</strong></span> <span class='ocrx_word' id='word_1_50' title='bbox 639 1043 680 1104; x_wconf 88' lang='lat' dir='ltr'>ad</span> <span class='ocrx_word' id='word_1_51' title='bbox 703 1041 826 1125; x_wconf 84' lang='lat' dir='ltr'>dialogi</span> <span class='ocrx_word' id='word_1_52' title='bbox 848 1063 974 1106; x_wconf 88' lang='lat' dir='ltr'>versum</span> <span class='ocrx_word' id='word_1_53' title='bbox 998 1041 1026 1104; x_wconf 89' lang='lat'>1.</span> 
     </span>
    </p>

    <p class='ocr_par' dir='ltr' id='par_1_5' title="bbox 178 1158 1288 3329">
     <span class='ocr_line' id='line_1_9' title="bbox 316 1158 1288 1249; baseline -0.007 -18"><span class='ocrx_word' id='word_1_54' title='bbox 316 1168 358 1231; x_wconf 87' lang='lat' dir='ltr'>V.</span> <span class='ocrx_word' id='word_1_55' title='bbox 383 1167 436 1230; x_wconf 86' lang='lat'>57.</span> <span class='ocrx_word' id='word_1_56' title='bbox 482 1163 543 1224; x_wconf 76' lang='grc' dir='ltr'>ποῦ</span> <span class='ocrx_word' id='word_1_57' title='bbox 564 1168 584 1228; x_wconf 89' lang='lat' dir='ltr'>i.</span> <span class='ocrx_word' id='word_1_58' title='bbox 610 1187 637 1226; x_wconf 89' lang='lat' dir='ltr'>e.</span> <span class='ocrx_word' id='word_1_59' title='bbox 661 1158 740 1223; x_wconf 83' lang='grc' dir='ltr'>ὁποῧ</span> <span class='ocrx_word' id='word_1_60' title='bbox 768 1163 830 1227; x_wconf 83' lang='lat' dir='ltr'>hoo</span> <span class='ocrx_word' id='word_1_61' title='bbox 858 1165 929 1227; x_wconf 88' lang='lat' dir='ltr'>loco</span> <span class='ocrx_word' id='word_1_62' title='bbox 955 1164 1091 1249; x_wconf 81' lang='lat' dir='ltr'>perinde</span> <span class='ocrx_word' id='word_1_63' title='bbox 1118 1173 1168 1225; x_wconf 88' lang='lat' dir='ltr'>est</span> <span class='ocrx_word' id='word_1_64' title='bbox 1194 1173 1288 1242; x_wconf 89' lang='lat' dir='ltr'>atque</span> 
     </span>
     <span class='ocr_line' id='line_1_10' title="bbox 181 1280 1288 1374; baseline -0.004 -24"><span class='ocrx_word' id='word_1_65' title='bbox 181 1287 212 1370; x_wconf 87' lang='grc' dir='ltr'>μ’</span> <span class='ocrx_word' id='word_1_66' title='bbox 237 1280 310 1351; x_wconf 69' lang='lat' dir='ltr'>{lton</span> <span class='ocrx_word' id='word_1_67' title='bbox 332 1284 411 1349; x_wconf 78' lang='grc' dir='ltr'>ὀποῦ</span> <span class='ocrx_word' id='word_1_68' title='bbox 432 1309 542 1374; x_wconf 71' lang='lat' dir='ltr'>nitram,</span> <span class='ocrx_word' id='word_1_69' title='bbox 559 1284 721 1371; x_wconf 82' lang='lat' dir='ltr'>qrtumvis.</span> <span class='ocrx_word' id='word_1_70' title='bbox 768 1288 907 1350; x_wconf 84' lang='lat' dir='ltr'>Nostrae</span> <span class='ocrx_word' id='word_1_71' title='bbox 936 1288 1051 1349; x_wconf 85' lang='lat' dir='ltr'>aetatis</span> <span class='ocrx_word' id='word_1_72' title='bbox 1081 1286 1198 1347; x_wconf 80' lang='lat' dir='ltr'>Graeci</span> <span class='ocrx_word' id='word_1_73' title='bbox 1221 1305 1288 1347; x_wconf 90' lang='lat' dir='ltr'>non</span> 
     </span>
     <span class='ocr_line' id='line_1_11' title="bbox 181 1398 1288 1501; baseline -0.013 -23"><span class='ocrx_word' id='word_1_74' title='bbox 181 1413 320 1501; x_wconf 87' lang='lat' dir='ltr'>amplius</span> <span class='ocrx_word' id='word_1_75' title='bbox 342 1416 390 1478; x_wconf 82' lang='lat' dir='ltr'>sio</span> <span class='ocrx_word' id='word_1_76' title='bbox 411 1422 568 1495; x_wconf 90' lang='lat' dir='ltr'>usurpant</span> <span class='ocrx_word' id='word_1_77' title='bbox 590 1410 727 1495; x_wconf 87' lang='lat' dir='ltr'>simplex</span> <span class='ocrx_word' id='word_1_78' title='bbox 750 1403 836 1468; x_wconf 79' lang='grc' dir='ltr'><strong>ὀποῦ.</strong></span> <span class='ocrx_word' id='word_1_79' title='bbox 858 1443 902 1455; x_wconf 90' lang='grc'><strong>-</strong></span> <span class='ocrx_word' id='word_1_80' title='bbox 924 1400 1045 1488; x_wconf 76' lang='grc' dir='ltr'>ὁμοιάς·’</span> <span class='ocrx_word' id='word_1_81' title='bbox 1068 1402 1087 1481; x_wconf 74' lang='grc' dir='ltr'>ἡ</span> <span class='ocrx_word' id='word_1_82' title='bbox 1109 1398 1199 1485; x_wconf 71' lang='grc' dir='ltr'>φίσι’</span> <span class='ocrx_word' id='word_1_83' title='bbox 1216 1415 1288 1486; x_wconf 71' lang='lat' dir='ltr'>&#39;pom</span> 
     </span>
     <span class='ocr_line' id='line_1_12' title="bbox 180 1522 1288 1621; baseline -0.004 -24"><span class='ocrx_word' id='word_1_84' title='bbox 180 1556 239 1621; x_wconf 89' lang='lat' dir='ltr'>pro</span> <span class='ocrx_word' id='word_1_85' title='bbox 262 1522 400 1614; x_wconf 71' lang='grc' dir='ltr'>ὁμοιάζει</span> <span class='ocrx_word' id='word_1_86' title='bbox 422 1527 441 1609; x_wconf 79' lang='grc' dir='ltr'>ἡ</span> <span class='ocrx_word' id='word_1_87' title='bbox 463 1522 557 1610; x_wconf 78' lang='grc' dir='ltr'><strong><em>φύσις</em></strong></span> <span class='ocrx_word' id='word_1_88' title='bbox 578 1557 653 1612; x_wconf 79' lang='grc' dir='ltr'>μας,</span> <span class='ocrx_word' id='word_1_89' title='bbox 676 1534 710 1595; x_wconf 92' lang='lat' dir='ltr'>in</span> <span class='ocrx_word' id='word_1_90' title='bbox 734 1534 847 1613; x_wconf 86' lang='lat' dir='ltr'>quibus</span> <span class='ocrx_word' id='word_1_91' title='bbox 869 1533 973 1596; x_wconf 89' lang='lat' dir='ltr'>verbis</span> <span class='ocrx_word' id='word_1_92' title='bbox 996 1553 1060 1610; x_wconf 77' lang='grc' dir='ltr'>μας</span> <span class='ocrx_word' id='word_1_93' title='bbox 1087 1532 1216 1616; x_wconf 86' lang='lat' dir='ltr'>proprie</span> <span class='ocrx_word' id='word_1_94' title='bbox 1239 1542 1288 1593; x_wconf 87' lang='lat' dir='ltr'>est</span> 
     </span>
     <span class='ocr_line' id='line_1_13' title="bbox 181 1628 1286 1742; baseline -0.005 -22"><span class='ocrx_word' id='word_1_95' title='bbox 181 1658 379 1721; x_wconf 83' lang='lat' dir='ltr'>aecusativus</span> <span class='ocrx_word' id='word_1_96' title='bbox 402 1655 537 1742; x_wconf 88' lang='lat' dir='ltr'>pluralis</span> <span class='ocrx_word' id='word_1_97' title='bbox 559 1656 761 1741; x_wconf 87' lang='lat' dir='ltr'>pronominis</span> <span class='ocrx_word' id='word_1_98' title='bbox 783 1655 963 1740; x_wconf 86' lang='lat' dir='ltr'>personalis</span> <span class='ocrx_word' id='word_1_99' title='bbox 978 1628 1102 1740; x_wconf 76' lang='lat' dir='ltr'>primae</span> <span class='ocrx_word' id='word_1_100' title='bbox 1118 1674 1286 1738; x_wconf 83' lang='lat' dir='ltr'>personae,</span> 
     </span>
     <span class='ocr_line' id='line_1_14' title="bbox 180 1776 1286 1863; baseline -0.003 -20"><span class='ocrx_word' id='word_1_101' title='bbox 180 1799 261 1860; x_wconf 88' lang='lat' dir='ltr'>quae</span> <span class='ocrx_word' id='word_1_102' title='bbox 283 1791 392 1842; x_wconf 88' lang='lat' dir='ltr'>tamen</span> <span class='ocrx_word' id='word_1_103' title='bbox 414 1780 516 1840; x_wconf 80' lang='lat' dir='ltr'>forma</span> <span class='ocrx_word' id='word_1_104' title='bbox 540 1789 573 1839; x_wconf 93' lang='lat' dir='ltr'>et</span> <span class='ocrx_word' id='word_1_105' title='bbox 595 1778 775 1862; x_wconf 87' lang='lat' dir='ltr'>possessivo</span> <span class='ocrx_word' id='word_1_106' title='bbox 797 1798 894 1840; x_wconf 89' lang='lat' dir='ltr'>sensu</span> <span class='ocrx_word' id='word_1_107' title='bbox 916 1779 1058 1863; x_wconf 86' lang='lat' dir='ltr'>ponitur.</span> <span class='ocrx_word' id='word_1_108' title='bbox 1111 1776 1160 1838; x_wconf 85' lang='lat' dir='ltr'>Cf.</span> <span class='ocrx_word' id='word_1_109' title='bbox 1189 1777 1286 1840; x_wconf 89' lang='lat' dir='ltr'>adno-</span> 
     </span>
     <span class='ocr_line' id='line_1_15' title="bbox 181 1893 1287 1984; baseline -0.003 -20"><span class='ocrx_word' id='word_1_110' title='bbox 181 1903 337 1964; x_wconf 78' lang='lat' dir='ltr'>tationem</span> <span class='ocrx_word' id='word_1_111' title='bbox 358 1899 400 1963; x_wconf 87' lang='lat' dir='ltr'>ad</span> <span class='ocrx_word' id='word_1_112' title='bbox 421 1919 502 1962; x_wconf 86' lang='lat' dir='ltr'>vers.</span> <span class='ocrx_word' id='word_1_113' title='bbox 527 1899 556 1962; x_wconf 86' lang='lat'>7.</span> <span class='ocrx_word' id='word_1_114' title='bbox 578 1935 622 1946; x_wconf 89' lang='lat'>—</span> <span class='ocrx_word' id='word_1_115' title='bbox 644 1893 787 1960; x_wconf 77' lang='grc' dir='ltr'><strong><em>κανέυαν</em></strong></span> <span class='ocrx_word' id='word_1_116' title='bbox 808 1901 883 1980; x_wconf 90' lang='lat' dir='ltr'>quid</span> <span class='ocrx_word' id='word_1_117' title='bbox 905 1900 958 1974; x_wconf 82' lang='lat' dir='ltr'>sit,</span> <span class='ocrx_word' id='word_1_118' title='bbox 982 1899 1099 1981; x_wconf 79' lang='lat' dir='ltr'>conJ&#39;ici</span> <span class='ocrx_word' id='word_1_119' title='bbox 1121 1901 1193 1981; x_wconf 87' lang='lat' dir='ltr'>jam</span> <span class='ocrx_word' id='word_1_120' title='bbox 1215 1910 1287 1984; x_wconf 88' lang='lat' dir='ltr'>pot·</span> 
     </span>
     <span class='ocr_line' id='line_1_16' title="bbox 180 2009 1286 2104; baseline -0.005 -19"><span class='ocrx_word' id='word_1_121' title='bbox 180 2032 229 2085; x_wconf 86' lang='lat' dir='ltr'>est</span> <span class='ocrx_word' id='word_1_122' title='bbox 261 2042 302 2083; x_wconf 86' lang='lat' dir='ltr'>ex</span> <span class='ocrx_word' id='word_1_123' title='bbox 333 2022 392 2100; x_wconf 81' lang='lat' dir='ltr'>its,</span> <span class='ocrx_word' id='word_1_124' title='bbox 427 2041 507 2101; x_wconf 89' lang='lat' dir='ltr'>quae</span> <span class='ocrx_word' id='word_1_125' title='bbox 536 2021 577 2083; x_wconf 91' lang='lat' dir='ltr'>ad</span> <span class='ocrx_word' id='word_1_126' title='bbox 607 2021 729 2104; x_wconf 81' lang='lat' dir='ltr'>dialogi</span> <span class='ocrx_word' id='word_1_127' title='bbox 757 2018 926 2084; x_wconf 66' lang='lat' dir='ltr'>versumi</span> <span class='ocrx_word' id='word_1_128' title='bbox 955 2021 994 2083; x_wconf 87' lang='lat' dir='ltr'>de</span> <span class='ocrx_word' id='word_1_129' title='bbox 1024 2009 1112 2099; x_wconf 72' lang='grc' dir='ltr'>ἕνας,</span> <span class='ocrx_word' id='word_1_130' title='bbox 1135 2012 1206 2099; x_wconf 82' lang='grc' dir='ltr'><em>μία,</em></span> <span class='ocrx_word' id='word_1_131' title='bbox 1229 2010 1286 2079; x_wconf 77' lang='grc' dir='ltr'>ἕνα</span> 
     </span>
     <span class='ocr_line' id='line_1_17' title="bbox 180 2137 1285 2229; baseline -0.005 -23"><span class='ocrx_word' id='word_1_132' title='bbox 180 2143 387 2206; x_wconf 80' lang='lat' dir='ltr'>commentati</span> <span class='ocrx_word' id='word_1_133' title='bbox 408 2162 527 2206; x_wconf 85' lang='lat' dir='ltr'>sumus.</span> <span class='ocrx_word' id='word_1_134' title='bbox 572 2143 633 2206; x_wconf 92' lang='lat' dir='ltr'>Isti</span> <span class='ocrx_word' id='word_1_135' title='bbox 655 2143 780 2206; x_wconf 86' lang='lat' dir='ltr'>seilicet</span> <span class='ocrx_word' id='word_1_136' title='bbox 807 2143 965 2206; x_wconf 83' lang='lat' dir='ltr'>locutioni</span> <span class='ocrx_word' id='word_1_137' title='bbox 983 2144 1167 2229; x_wconf 89' lang='lat' dir='ltr'>opponitur</span> <span class='ocrx_word' id='word_1_138' title='bbox 1190 2137 1285 2202; x_wconf 76' lang='lat' dir='ltr'>uam‘.</span> 
     </span>
     <span class='ocr_line' id='line_1_18' title="bbox 179 2235 1287 2346; baseline 0.004 -23"><span class='ocrx_word' id='word_1_139' title='bbox 179 2285 238 2334; x_wconf 81' lang='grc' dir='ltr'>νας</span> <span class='ocrx_word' id='word_1_140' title='bbox 261 2264 414 2346; x_wconf 67' lang='lat' dir='ltr'>(nausia),</span> <span class='ocrx_word' id='word_1_141' title='bbox 435 2257 574 2344; x_wconf 79' lang='grc' dir='ltr'><strong><em>καμμία,</em></strong></span> <span class='ocrx_word' id='word_1_142' title='bbox 596 2259 718 2325; x_wconf 76' lang='grc' dir='ltr'><strong><em>κανένα</em></strong></span> <span class='ocrx_word' id='word_1_143' title='bbox 739 2266 790 2328; x_wconf 86' lang='lat' dir='ltr'>vel</span> <span class='ocrx_word' id='word_1_144' title='bbox 811 2259 925 2341; x_wconf 69' lang='lat' dir='ltr'>uentu,</span> <span class='ocrx_word' id='word_1_145' title='bbox 946 2262 1077 2340; x_wconf 81' lang='lat' dir='ltr'>nullus,</span> <span class='ocrx_word' id='word_1_146' title='bbox 1098 2235 1210 2338; x_wconf 67' lang='lat' dir='ltr'>nemu,</span> <span class='ocrx_word' id='word_1_147' title='bbox 1233 2265 1287 2327; x_wconf 84' lang='lat' dir='ltr'>vel</span> 
     </span>
     <span class='ocr_line' id='line_1_19' title="bbox 180 2375 1287 2474; baseline -0.002 -26"><span class='ocrx_word' id='word_1_148' title='bbox 180 2383 358 2474; x_wconf 86' lang='lat' dir='ltr'>quisquam</span> <span class='ocrx_word' id='word_1_149' title='bbox 380 2387 491 2451; x_wconf 85' lang='lat' dir='ltr'>addita</span> <span class='ocrx_word' id='word_1_150' title='bbox 511 2390 687 2472; x_wconf 82' lang='lat' dir='ltr'>negatione</span> <span class='ocrx_word' id='word_1_151' title='bbox 710 2409 737 2451; x_wconf 87' lang='lat' dir='ltr'>e.</span> <span class='ocrx_word' id='word_1_152' title='bbox 762 2411 787 2450; x_wconf 88' lang='lat' dir='ltr'>o.</span> <span class='ocrx_word' id='word_1_153' title='bbox 811 2378 888 2447; x_wconf 68' lang='lat' dir='ltr'>&lt;trin</span> <span class='ocrx_word' id='word_1_154' title='bbox 909 2383 1048 2458; x_wconf 76' lang='grc' dir='ltr'>’κανένας</span> <span class='ocrx_word' id='word_1_155' title='bbox 1069 2377 1124 2446; x_wconf 71' lang='grc' dir='ltr'>ὁὲν</span> <span class='ocrx_word' id='word_1_156' title='bbox 1144 2375 1179 2446; x_wconf 67' lang='grc' dir='ltr'>τὸ</span> <span class='ocrx_word' id='word_1_157' title='bbox 1200 2380 1287 2469; x_wconf 72' lang='grc' dir='ltr'><em>λέγει</em></span> 
     </span>
     <span class='ocr_line' id='line_1_20' title="bbox 180 2505 1285 2596; baseline 0.002 -24"><span class='ocrx_word' id='word_1_158' title='bbox 180 2529 263 2572; x_wconf 84' lang='lat' dir='ltr'>uum</span> <span class='ocrx_word' id='word_1_159' title='bbox 284 2528 379 2572; x_wconf 84' lang='lat' dir='ltr'>uerno</span> <span class='ocrx_word' id='word_1_160' title='bbox 402 2505 467 2573; x_wconf 80' lang='lat' dir='ltr'>hoc</span> <span class='ocrx_word' id='word_1_161' title='bbox 488 2506 590 2586; x_wconf 79' lang='lat' dir='ltr'>dicit,</span> <span class='ocrx_word' id='word_1_162' title='bbox 619 2510 670 2574; x_wconf 87' lang='lat' dir='ltr'>vel</span> <span class='ocrx_word' id='word_1_163' title='bbox 697 2529 764 2573; x_wconf 88' lang='lat' dir='ltr'>nou</span> <span class='ocrx_word' id='word_1_164' title='bbox 791 2505 1079 2596; x_wconf 83' lang='lat' dir='ltr'>enimquisquom</span> <span class='ocrx_word' id='word_1_165' title='bbox 1102 2505 1167 2573; x_wconf 80' lang='lat' dir='ltr'>hoc</span> <span class='ocrx_word' id='word_1_166' title='bbox 1189 2508 1285 2575; x_wconf 80' lang='lat' dir='ltr'>dicit.</span> 
     </span>
     <span class='ocr_line' id='line_1_21' title="bbox 180 2629 1285 2718; baseline 0.002 -24"><span class='ocrx_word' id='word_1_167' title='bbox 180 2629 301 2695; x_wconf 81' lang='lat' dir='ltr'>Carere</span> <span class='ocrx_word' id='word_1_168' title='bbox 323 2652 445 2715; x_wconf 88' lang='lat' dir='ltr'>quoque</span> <span class='ocrx_word' id='word_1_169' title='bbox 467 2634 622 2716; x_wconf 88' lang='lat' dir='ltr'>negantia</span> <span class='ocrx_word' id='word_1_170' title='bbox 643 2643 750 2718; x_wconf 89' lang='lat' dir='ltr'>potest</span> <span class='ocrx_word' id='word_1_171' title='bbox 778 2632 836 2696; x_wconf 90' lang='lat' dir='ltr'>illa</span> <span class='ocrx_word' id='word_1_172' title='bbox 863 2635 1066 2713; x_wconf 73' lang='lat' dir='ltr'>enuntiatio,</span> <span class='ocrx_word' id='word_1_173' title='bbox 1094 2653 1156 2714; x_wconf 89' lang='lat' dir='ltr'>qua</span> <span class='ocrx_word' id='word_1_174' title='bbox 1184 2636 1285 2698; x_wconf 83' lang='lat' dir='ltr'>eonti-</span> 
     </span>
     <span class='ocr_line' id='line_1_22' title="bbox 178 2755 1285 2838; baseline 0.001 -22"><span class='ocrx_word' id='word_1_175' title='bbox 178 2765 275 2817; x_wconf 87' lang='lat' dir='ltr'>netur</span> <span class='ocrx_word' id='word_1_176' title='bbox 296 2755 418 2835; x_wconf 78' lang='grc' dir='ltr'>καυεῖς;</span> <span class='ocrx_word' id='word_1_177' title='bbox 442 2767 509 2819; x_wconf 92' lang='lat' dir='ltr'>tum</span> <span class='ocrx_word' id='word_1_178' title='bbox 531 2775 607 2819; x_wconf 87' lang='lat' dir='ltr'>vero</span> <span class='ocrx_word' id='word_1_179' title='bbox 630 2756 810 2818; x_wconf 85' lang='lat' dir='ltr'>contrarius</span> <span class='ocrx_word' id='word_1_180' title='bbox 832 2756 961 2816; x_wconf 87' lang='lat' dir='ltr'>exsistit</span> <span class='ocrx_word' id='word_1_181' title='bbox 983 2776 1106 2837; x_wconf 61' lang='lat' dir='ltr'>sensus5</span> <span class='ocrx_word' id='word_1_182' title='bbox 1130 2769 1181 2838; x_wconf 88' lang='lat' dir='ltr'>ut,</span> <span class='ocrx_word' id='word_1_183' title='bbox 1204 2780 1285 2838; x_wconf 80' lang='grc' dir='ltr'><strong><em>καμ-</em></strong></span> 
     </span>
     <span class='ocr_line' id='line_1_23' title="bbox 178 2861 1285 2966; baseline 0.009 -33"><span class='ocrx_word' id='word_1_184' title='bbox 178 2866 259 2954; x_wconf 77' lang='lat' dir='ltr'>pluo</span> <span class='ocrx_word' id='word_1_185' title='bbox 280 2868 400 2956; x_wconf 71' lang='grc' dir='ltr'><em>ἡμέραν</em></span> <span class='ocrx_word' id='word_1_186' title='bbox 421 2865 471 2945; x_wconf 61' lang='lat' dir='ltr'>&amp;oi</span> <span class='ocrx_word' id='word_1_187' title='bbox 493 2861 588 2949; x_wconf 57' lang='lat' dir='ltr'>itero,</span> <span class='ocrx_word' id='word_1_188' title='bbox 610 2874 741 2956; x_wconf 88' lang='lat' dir='ltr'>gallice:</span> <span class='ocrx_word' id='word_1_189' title='bbox 770 2871 815 2938; x_wconf 78' lang='lat' dir='ltr'>Ju</span> <span class='ocrx_word' id='word_1_190' title='bbox 843 2872 1003 2939; x_wconf 84' lang='lat' dir='ltr'>oieudroi</span> <span class='ocrx_word' id='word_1_191' title='bbox 1031 2877 1173 2966; x_wconf 80' lang='lat' dir='ltr'>quelque</span> <span class='ocrx_word' id='word_1_192' title='bbox 1194 2881 1285 2965; x_wconf 73' lang='lat' dir='ltr'>joun</span> 
     </span>
     <span class='ocr_line' id='line_1_24' title="bbox 178 2994 1283 3086; baseline 0.005 -27"><span class='ocrx_word' id='word_1_193' title='bbox 178 2994 258 3059; x_wconf 88' lang='lat' dir='ltr'>lnde</span> <span class='ocrx_word' id='word_1_194' title='bbox 272 3007 379 3081; x_wconf 79' lang='lat' dir='ltr'>patet,</span> <span class='ocrx_word' id='word_1_195' title='bbox 403 2994 464 3061; x_wconf 82' lang='lat' dir='ltr'>hoe</span> <span class='ocrx_word' id='word_1_196' title='bbox 486 2995 592 3063; x_wconf 80' lang='grc' dir='ltr'><em>κανεΐς</em></span> <span class='ocrx_word' id='word_1_197' title='bbox 612 2996 810 3080; x_wconf 82' lang='lat' dir='ltr'>respondere</span> <span class='ocrx_word' id='word_1_198' title='bbox 832 3000 899 3062; x_wconf 87' lang='lat' dir='ltr'>lere</span> <span class='ocrx_word' id='word_1_199' title='bbox 921 2999 1078 3065; x_wconf 90' lang='lat' dir='ltr'>Italorum</span> <span class='ocrx_word' id='word_1_200' title='bbox 1099 3005 1283 3086; x_wconf 89' lang='lat' dir='ltr'>pronomini</span> 
     </span>
     <span class='ocr_line' id='line_1_25' title="bbox 178 3107 1280 3203; baseline 0.006 -25"><span class='ocrx_word' id='word_1_201' title='bbox 178 3113 312 3181; x_wconf 80' lang='lat' dir='ltr'>alcuna.</span> <span class='ocrx_word' id='word_1_202' title='bbox 363 3116 484 3179; x_wconf 88' lang='lat' dir='ltr'>Natum</span> <span class='ocrx_word' id='word_1_203' title='bbox 506 3136 575 3179; x_wconf 89' lang='lat' dir='ltr'>esse</span> <span class='ocrx_word' id='word_1_204' title='bbox 597 3109 736 3187; x_wconf 78' lang='grc' dir='ltr'><strong><em>κανέυας</em></strong></span> <span class='ocrx_word' id='word_1_205' title='bbox 757 3140 798 3182; x_wconf 88' lang='lat' dir='ltr'>ex</span> <span class='ocrx_word' id='word_1_206' title='bbox 820 3107 885 3179; x_wconf 73' lang='lat' dir='ltr'>ullu</span> <span class='ocrx_word' id='word_1_207' title='bbox 906 3133 939 3185; x_wconf 86' lang='lat' dir='ltr'>et</span> <span class='ocrx_word' id='word_1_208' title='bbox 961 3112 1034 3192; x_wconf 74' lang='grc' dir='ltr'><strong><em>ἕνας</em></strong></span> <span class='ocrx_word' id='word_1_209' title='bbox 1055 3123 1149 3184; x_wconf 85' lang='lat' dir='ltr'>dubio</span> <span class='ocrx_word' id='word_1_210' title='bbox 1171 3133 1280 3203; x_wconf 83' lang='lat' dir='ltr'>vaeat3</span> 
     </span>
     <span class='ocr_line' id='line_1_26' title="bbox 178 3237 1193 3329; baseline 0.002 -29"><span class='ocrx_word' id='word_1_211' title='bbox 178 3255 240 3318; x_wconf 85' lang='lat' dir='ltr'>qua</span> <span class='ocrx_word' id='word_1_212' title='bbox 262 3237 359 3299; x_wconf 88' lang='lat' dir='ltr'>dere</span> <span class='ocrx_word' id='word_1_213' title='bbox 381 3237 535 3319; x_wconf 84' lang='lat' dir='ltr'>legendus</span> <span class='ocrx_word' id='word_1_214' title='bbox 565 3238 684 3302; x_wconf 87' lang='lat' dir='ltr'>Coraes</span> <span class='ocrx_word' id='word_1_215' title='bbox 707 3241 748 3304; x_wconf 86' lang='lat' dir='ltr'>ad</span> <span class='ocrx_word' id='word_1_216' title='bbox 771 3242 1000 3329; x_wconf 86' lang='lat' dir='ltr'>Ptoohoprodr.</span> <span class='ocrx_word' id='word_1_217' title='bbox 1021 3261 1094 3326; x_wconf 84' lang='lat' dir='ltr'>pag.</span> <span class='ocrx_word' id='word_1_218' title='bbox 1120 3240 1193 3306; x_wconf 85' lang='lat'><strong>110.</strong></span> 
     </span>
    </p>

    <p class='ocr_par' dir='ltr' id='par_1_6' title="bbox 308 3351 1278 3447">
     <span class='ocr_line' id='line_1_27' title="bbox 308 3351 1278 3447; baseline 0.01 -26"><span class='ocrx_word' id='word_1_219' title='bbox 308 3358 351 3421; x_wconf 91' lang='lat' dir='ltr'>V.</span> <span class='ocrx_word' id='word_1_220' title='bbox 375 3357 428 3423; x_wconf 84' lang='lat'>58.</span> <span class='ocrx_word' id='word_1_221' title='bbox 473 3351 600 3436; x_wconf 75' lang='grc' dir='ltr'>ἡέδικῆ</span> <span class='ocrx_word' id='word_1_222' title='bbox 621 3384 687 3442; x_wconf 81' lang='grc' dir='ltr'>μου</span> <span class='ocrx_word' id='word_1_223' title='bbox 708 3383 794 3428; x_wconf 88' lang='lat' dir='ltr'>meo.</span> <span class='ocrx_word' id='word_1_224' title='bbox 840 3364 915 3427; x_wconf 90' lang='lat' dir='ltr'>Vid.</span> <span class='ocrx_word' id='word_1_225' title='bbox 938 3382 1035 3447; x_wconf 89' lang='lat' dir='ltr'>supra</span> <span class='ocrx_word' id='word_1_226' title='bbox 1058 3364 1100 3426; x_wconf 86' lang='lat' dir='ltr'>ad</span> <span class='ocrx_word' id='word_1_227' title='bbox 1122 3385 1202 3427; x_wconf 88' lang='lat' dir='ltr'>vers.</span> <span class='ocrx_word' id='word_1_228' title='bbox 1227 3363 1278 3432; x_wconf 73' lang='lat'>20.</span> 
     </span>
    </p>
   </div>
   <div class='ocr_carea' id='block_1_5' title="bbox 177 3470 1002 3586">
    <p class='ocr_par' dir='ltr' id='par_1_7' title="bbox 177 3470 1002 3586">
     <span class='ocr_line' id='line_1_28' title="bbox 177 3470 1002 3568; baseline 0.008 -31"><span class='ocrx_word' id='word_1_229' title='bbox 177 3513 220 3526; x_wconf 94' lang='lat'><em>-</em></span> <span class='ocrx_word' id='word_1_230' title='bbox 242 3470 338 3558; x_wconf 76' lang='grc' dir='ltr'>ὅμοιά</span> <span class='ocrx_word' id='word_1_231' title='bbox 357 3473 402 3540; x_wconf 83' lang='grc' dir='ltr'>’νε</span> <span class='ocrx_word' id='word_1_232' title='bbox 422 3501 481 3568; x_wconf 84' lang='lat' dir='ltr'>pro</span> <span class='ocrx_word' id='word_1_233' title='bbox 504 3476 600 3563; x_wconf 82' lang='grc' dir='ltr'>ὁμοία</span> <span class='ocrx_word' id='word_1_234' title='bbox 623 3471 672 3543; x_wconf 75' lang='lat' dir='ltr'>&#39;e‘ue</span> <span class='ocrx_word' id='word_1_235' title='bbox 694 3487 716 3549; x_wconf 87' lang='lat' dir='ltr'>i.</span> <span class='ocrx_word' id='word_1_236' title='bbox 739 3506 767 3546; x_wconf 93' lang='lat' dir='ltr'>e.</span> <span class='ocrx_word' id='word_1_237' title='bbox 791 3475 885 3563; x_wconf 80' lang='grc' dir='ltr'><em>ὁμοία</em></span> <span class='ocrx_word' id='word_1_238' title='bbox 908 3474 1002 3544; x_wconf 75' lang='grc' dir='ltr'>ἐστίν.</span> 
     </span>
     <span class='ocr_line' id='line_1_29' title="bbox 301 3565 334 3586; baseline 0 0"><span class='ocrx_word' id='word_1_239' title='bbox 301 3565 334 3586; x_wconf 58' lang='lat' dir='ltr'>V</span> 
     </span>
    </p>
   </div>
   <div class='ocr_carea' id='block_1_6' title="bbox 173 3590 1278 4178">
    <p class='ocr_par' dir='ltr' id='par_1_8' title="bbox 305 3590 1095 3690">
     <span class='ocr_line' id='line_1_30' title="bbox 305 3590 1095 3690; baseline 0.003 -26"><span class='ocrx_word' id='word_1_240' title='bbox 305 3601 349 3665; x_wconf 87' lang='lat' dir='ltr'>V.</span> <span class='ocrx_word' id='word_1_241' title='bbox 373 3602 426 3670; x_wconf 83' lang='lat'>59.</span> <span class='ocrx_word' id='word_1_242' title='bbox 470 3597 498 3664; x_wconf 79' lang='grc' dir='ltr'>κ’</span> <span class='ocrx_word' id='word_1_243' title='bbox 523 3600 593 3665; x_wconf 75' lang='grc' dir='ltr'>ἐκεῖ</span> <span class='ocrx_word' id='word_1_244' title='bbox 606 3600 651 3664; x_wconf 82' lang='grc' dir='ltr'>’νε</span> <span class='ocrx_word' id='word_1_245' title='bbox 672 3595 809 3690; x_wconf 69' lang='lat' dir='ltr'>prostoci</span> <span class='ocrx_word' id='word_1_246' title='bbox 831 3598 900 3662; x_wconf 84' lang='grc' dir='ltr'>ε’κεῖ</span> <span class='ocrx_word' id='word_1_247' title='bbox 916 3590 966 3662; x_wconf 70' lang='lat' dir='ltr'>i&#39;ue</span> <span class='ocrx_word' id='word_1_248' title='bbox 988 3593 1095 3688; x_wconf 72' lang='lat' dir='ltr'>(elue).</span> 
     </span>
    </p>

    <p class='ocr_par' dir='ltr' id='par_1_9' title="bbox 173 3713 1278 4178">
     <span class='ocr_line' id='line_1_31' title="bbox 306 3713 1278 3813; baseline 0.005 -30"><span class='ocrx_word' id='word_1_249' title='bbox 306 3723 349 3786; x_wconf 93' lang='lat' dir='ltr'>V.</span> <span class='ocrx_word' id='word_1_250' title='bbox 372 3723 424 3789; x_wconf 81' lang='lat'>60.</span> <span class='ocrx_word' id='word_1_251' title='bbox 472 3725 582 3790; x_wconf 83' lang='lat' dir='ltr'>Verba</span> <span class='ocrx_word' id='word_1_252' title='bbox 597 3722 633 3784; x_wconf 80' lang='grc' dir='ltr'>ἐκ</span> <span class='ocrx_word' id='word_1_253' title='bbox 654 3723 709 3783; x_wconf 64' lang='grc' dir='ltr'>τοῦ</span> <span class='ocrx_word' id='word_1_254' title='bbox 731 3719 821 3804; x_wconf 62' lang='lat' dir='ltr'>vago&amp;</span> <span class='ocrx_word' id='word_1_255' title='bbox 842 3717 882 3785; x_wconf 72' lang='lat' dir='ltr'>rol</span> <span class='ocrx_word' id='word_1_256' title='bbox 902 3713 1025 3805; x_wconf 71' lang='grc' dir='ltr'><em>βόταυα</em></span> <span class='ocrx_word' id='word_1_257' title='bbox 1046 3720 1196 3810; x_wconf 56' lang='lat' dir='ltr'>pietantia</span> <span class='ocrx_word' id='word_1_258' title='bbox 1212 3748 1278 3813; x_wconf 57' lang='grc' dir='ltr'>τρο.</span> 
     </span>
     <span class='ocr_line' id='line_1_32' title="bbox 174 3830 1277 3939; baseline 0.018 -39"><span class='ocrx_word' id='word_1_259' title='bbox 174 3830 301 3919; x_wconf 60' lang='lat' dir='ltr'>qainon</span> <span class='ocrx_word' id='word_1_260' title='bbox 321 3864 389 3909; x_wconf 92' lang='lat' dir='ltr'>non</span> <span class='ocrx_word' id='word_1_261' title='bbox 417 3849 498 3911; x_wconf 88' lang='lat' dir='ltr'>bene</span> <span class='ocrx_word' id='word_1_262' title='bbox 519 3847 567 3908; x_wconf 83' lang='lat' dir='ltr'>sic</span> <span class='ocrx_word' id='word_1_263' title='bbox 589 3846 763 3908; x_wconf 88' lang='lat' dir='ltr'>redduntur</span> <span class='ocrx_word' id='word_1_264' title='bbox 791 3865 812 3910; x_wconf 90' lang='lat' dir='ltr'>a</span> <span class='ocrx_word' id='word_1_265' title='bbox 841 3847 969 3912; x_wconf 87' lang='lat' dir='ltr'>Crusio:</span> <span class='ocrx_word' id='word_1_266' title='bbox 1003 3870 1051 3915; x_wconf 82' lang='lat' dir='ltr'>ex</span> <span class='ocrx_word' id='word_1_267' title='bbox 1079 3872 1174 3939; x_wconf 83' lang='lat' dir='ltr'>aquo</span> <span class='ocrx_word' id='word_1_268' title='bbox 1202 3851 1277 3920; x_wconf 80' lang='lat' dir='ltr'>ler-</span> 
     </span>
     <span class='ocr_line' id='line_1_33' title="bbox 174 3957 1277 4059; baseline 0.017 -35"><span class='ocrx_word' id='word_1_269' title='bbox 174 3957 241 4028; x_wconf 84' lang='lat' dir='ltr'>bae</span> <span class='ocrx_word' id='word_1_270' title='bbox 258 3958 350 4050; x_wconf 84' lang='lat' dir='ltr'>fiunt</span> <span class='ocrx_word' id='word_1_271' title='bbox 372 3961 568 4030; x_wconf 85' lang='lat' dir='ltr'>alimonium</span> <span class='ocrx_word' id='word_1_272' title='bbox 590 3973 689 4032; x_wconf 83' lang='lat' dir='ltr'>tuum.</span> <span class='ocrx_word' id='word_1_273' title='bbox 736 3967 807 4035; x_wconf 86' lang='lat' dir='ltr'>Etsi</span> <span class='ocrx_word' id='word_1_274' title='bbox 829 3971 916 4035; x_wconf 88' lang='lat' dir='ltr'>enim</span> <span class='ocrx_word' id='word_1_275' title='bbox 937 3993 995 4059; x_wconf 87' lang='lat' dir='ltr'>per</span> <span class='ocrx_word' id='word_1_276' title='bbox 1009 3995 1045 4037; x_wconf 90' lang='lat' dir='ltr'>se</span> <span class='ocrx_word' id='word_1_277' title='bbox 1060 3974 1145 4039; x_wconf 91' lang='lat' dir='ltr'>nihil</span> <span class='ocrx_word' id='word_1_278' title='bbox 1164 3977 1200 4041; x_wconf 91' lang='lat' dir='ltr'>in</span> <span class='ocrx_word' id='word_1_279' title='bbox 1214 3976 1277 4043; x_wconf 84' lang='lat' dir='ltr'>hae</span> 
     </span>
     <span class='ocr_line' id='line_1_34' title="bbox 173 4064 1275 4178; baseline 0.016 -31"><span class='ocrx_word' id='word_1_280' title='bbox 173 4084 438 4172; x_wconf 80' lang='lat' dir='ltr'>interpretatione</span> <span class='ocrx_word' id='word_1_281' title='bbox 460 4090 703 4176; x_wconf 86' lang='lat' dir='ltr'>vituperandum</span> <span class='ocrx_word' id='word_1_282' title='bbox 726 4102 784 4172; x_wconf 82' lang='lat' dir='ltr'>est,</span> <span class='ocrx_word' id='word_1_283' title='bbox 800 4104 909 4158; x_wconf 87' lang='lat' dir='ltr'>tamen</span> <span class='ocrx_word' id='word_1_284' title='bbox 925 4095 1076 4178; x_wconf 87' lang='lat' dir='ltr'>loquendi</span> <span class='ocrx_word' id='word_1_285' title='bbox 1091 4120 1166 4163; x_wconf 88' lang='lat' dir='ltr'>usus</span> <span class='ocrx_word' id='word_1_286' title='bbox 1183 4064 1275 4165; x_wconf 77' lang='lat' dir='ltr'>Zeno</span> 
     </span>
    </p>
   </div>
   <div class='ocr_carea' id='block_1_7' title="bbox 75 4204 1274 4384">
    <p class='ocr_par' dir='ltr' id='par_1_10' title="bbox 75 4204 1274 4384">
     <span class='ocr_line' id='line_1_35' title="bbox 75 4204 1274 4384; baseline 0.02 -119"><span class='ocrx_word' id='word_1_287' title='bbox 75 4260 150 4384; x_wconf 54' lang='grc' dir='ltr'>ἱ</span> <span class='ocrx_word' id='word_1_288' title='bbox 172 4204 344 4269; x_wconf 82' lang='lat' dir='ltr'>familiaris</span> <span class='ocrx_word' id='word_1_289' title='bbox 366 4230 497 4294; x_wconf 86' lang='lat' dir='ltr'>prorsus</span> <span class='ocrx_word' id='word_1_290' title='bbox 520 4226 687 4300; x_wconf 83' lang='lat' dir='ltr'>repugnat</span> <span class='ocrx_word' id='word_1_291' title='bbox 734 4216 787 4282; x_wconf 82' lang='lat' dir='ltr'>Ao</span> <span class='ocrx_word' id='word_1_292' title='bbox 808 4219 898 4303; x_wconf 84' lang='lat' dir='ltr'>prius</span> <span class='ocrx_word' id='word_1_293' title='bbox 921 4220 1046 4300; x_wconf 86' lang='lat' dir='ltr'>quidem</span> <span class='ocrx_word' id='word_1_294' title='bbox 1068 4223 1108 4286; x_wconf 88' lang='lat' dir='ltr'>ab</span> <span class='ocrx_word' id='word_1_295' title='bbox 1131 4241 1171 4288; x_wconf 84' lang='lat' dir='ltr'>ea</span> <span class='ocrx_word' id='word_1_296' title='bbox 1192 4235 1274 4289; x_wconf 86' lang='lat' dir='ltr'>stru-</span> 
     </span>
    </p>
   </div>
   <div class='ocr_carea' id='block_1_8' title="bbox 0 0 1354 4672">
    <p class='ocr_par' dir='ltr' id='par_1_11' title="bbox 0 0 1354 4672">
     <span class='ocr_line' id='line_1_36' title="bbox 0 0 1354 4672; baseline 0 1"><span class='ocrx_word' id='word_1_297' title='bbox 0 0 1354 4672; x_wconf 95' lang='lat' dir='ltr'> </span> 
     </span>
    </p>
   </div>
  </div>
 </body>
</html>
