2700 4672
1173 226 1224 281 vlt

120 401 290 501 antiquus
316 399 533 477 Graecorum
559 421 678 473 sermo
701 396 931 499 consignatus
955 406 1022 488 est,
1046 396 1112 474 sed
1128 397 1222 472 haud

122 536 246 634 exigna
270 534 477 622 verborum,
508 529 819 632 significationum,
851 538 1107 605 structurarum
1138 556 1221 632 pars

122 693 201 740 cnm
225 665 296 740 illis
322 665 481 764 quinon
506 663 657 763 amplius
682 672 823 737 exstant
848 662 1081 761 scriptoribus
1103 663 1220 764 periit.

121 798 197 898 Qui
223 797 361 871 etiamsi
386 820 512 870 omnes
537 802 781 893 superessent,
805 803 1021 868 nontamen
1044 794 1149 869 nobis
1166 804 1222 869 to·

119 939 194 1004 tam
218 929 275 1004 sui
300 927 378 1001 aevi
404 926 622 1001 Graecorum
645 925 801 1026 linguam
826 935 1040 1000 servassent
1076 924 1221 1000 Etenim

121 1060 232 1134 multa
263 1058 428 1147 dicimus,
465 1057 616 1131 maxime
646 1057 684 1130 in
714 1056 875 1130 familiari
905 1080 1085 1146 sermone,
1120 1083 1221 1156 quae,

122 1191 203 1291 quia
229 1190 345 1264 minus
372 1190 504 1263 urbana
528 1188 709 1277 videntur,
731 1189 869 1289 scripto
888 1182 1061 1262 'mandare
1085 1186 1223 1263 dubita·

121 1349 211 1397 mus.
267 1322 318 1397 At
341 1321 403 1395 ubi
426 1330 525 1395 tanta
549 1320 749 1396 labentibus
775 1320 926 1396 saeculis
945 1321 1061 1404 varias
1078 1321 1221 1396 ob'cau-

121 1480 181 1529 sas
205 1453 345 1554 linguae
369 1452 557 1530 conversio
582 1453 675 1528 lacta
700 1462 767 1544 est,
791 1463 832 1527 ut
855 1463 942 1552 post
963 1453 1144 1555 ingentem
1160 1479 1222 1530 vo·

121 1586 337 1676 cabalorum,
360 1584 554 1684 phrasium,
579 1583 771 1657 for-arum
794 1586 965 1682 jacturam
991 1610 1054 1658 eae
1077 1586 1223 1684 potissi-

119 1742 217 1790 mum
241 1741 350 1793 vocas
381 1714 626 1815 loquendique
649 1712 819 1789 formulae
849 1713 999 1789 relictae·
1025 1717 1114 1802 sint,
1147 1716 1223 1815 qui·

121 1851 205 1938 bus,
229 1859 270 1923 ut
294 1846 569 1947 inelegantibuS,
601 1848 738 1947 antiqui
762 1848 904 1947 parcius
930 1849 1136 1937 utebantur,
1165 1847 1223 1923 vel

1261 627 1302 659 Ὶ

120 2007 269 2082 prorsus
295 1979 532 2067 abstinebant,
557 1982 626 2079 jam
652 1979 794 2054 nomina
820 1980 902 2053 olim
927 1979 1093 2080 jocularia
1113 1979 1223 2054 rebus
1297 2000 1300 2006 '

121 2112 224 2186 seriis
250 2121 425 2211 aptantur,
449 2113 520 2210 jam
543 2111 682 2212 plebeia
711 2123 750 2187 et
780 2138 825 2186 ex
854 2112 970 2188 triviis
1003 2122 1142 2214 arrepta
1172 2111 1224 2185 lo-

121 2242 255 2342 quendi
280 2270 410 2344 genera
435 2243 543 2333 rebus
569 2245 682 2319 sacris
707 2244 930 2333 adhibentur,
955 2247 1025 2342 jam
1049 2244 1137 2317 mira
1163 2270 1223 2319 au-

122 2375 221 2448 dacia
246 2400 360 2450 novae
375 2374 632 2476 procuduntur
654 2401 775 2467 voces,
798 2378 869 2475 jam
894 2373 1054 2476 denique
1076 2376 1223 2450 barbara

119 2504 292 2580 vocabula
315 2533 389 2580 non
413 2506 645 2583 fastidiuntur
668 2504 938 2608 periculumque
962 2516 1027 2598 est,
1053 2533 1101 2582 ne
1123 2507 1223 2608 peni-

120 2648 179 2712 tus
204 2637 358 2711 intereat
380 2637 510 2739 lingua.
559 2637 665 2736 Quae
691 2664 800 2737 quum
831 2639 880 2712 ita
905 2639 993 2726 sint,
1015 2664 1131 2721 ,nemo
1159 2637 1223 2711 du-

118 2769 260 2858 bitabit,
286 2769 373 2867 quin
397 2767 431 2842 si
456 2766 538 2867 quis
561 2766 673 2843 libros
697 2767 892 2869 pervolvat,
916 2768 955 2842 in
980 2759 1114 2867 quibus
1134 2767 1223 2843 baec

120 2900 270 2976 labentis
294 2900 436 3001 linguae
461 2897 619 2975 conditio
644 2910 800 3001 apparet,
825 2899 909 2975 inde
934 2909 1053 2975 monte
1078 2900 1223 3000 assequi

120 3033 247 3134 possit,
273 3032 387 3132 qualis
413 3033 507 3133 apud
532 3033 699 3132 antiquos
714 3031 814 3135 vulgi
827 3031 967 3133 loquela
983 3031 1098 3106 buerit.
1133 3031 1222 3106 Pro-

121 3165 216 3238 derit
240 3165 345 3237 etiam
369 3163 428 3239 vel
454 3190 532 3238 eam
561 3165 607 3238 ob
641 3191 784 3240 causam
821 3164 929 3263 hujus
961 3162 1102 3264 generis
1135 3162 1222 3237 scri-

120 3306 182 3397 pta
207 3293 329 3369 multo.
344 3321 413 3368 usu
436 3295 590 3387 trivisse,
617 3296 717 3398 quod
739 3296 888 3398 plurima
913 3295 1067 3370 offerunt
1098 3294 1221 3371 sollen-

120 3427 280 3503 tissimas
318 3428 554 3504 vetustiorum
597 3439 781 3504 auctorum
816 3428 1022 3503 imitationis
1041 3420 1044 3425 ’
1060 3426 1219 3527 vestigia.

119 3559 178 3636 Ex
201 3559 270 3633 bac
293 3557 431 3634 scilicet
450 3559 650 3634 imitatione
681 3559 856 3660 duplicem
881 3560 1096 3661 percipimus
1125 3555 1219 3631 utili-

119 3702 240 3771 tatem.
289 3691 374 3766 Una
398 3701 464 3782 est,
479 3692 597 3791 quod,
623 3717 732 3791 Qum
750 3691 848 3764 color
868 3689 1091 3789 antiquitatis
1108 3712 1219 3790 quanf

119 3822 252 3899 tumvis
276 3821 500 3899 venerandus
527 3833 563 3897 ct
587 3831 689 3898 sanct
690 3848 732 3897 ns
757 3821 795 3895 in
817 3823 863 3897 iis
884 3821 1163 3923 potissimum
1133 3818 1219 3894 scri·

120 3954 294 4055 ptoribus,
320 3982 382 4053 qur
371 3955 595 4031 verborum
619 3979 767 4027 numero
782 3953 843 4031 vix
859 3978 925 4028 sen
942 3959 949 4045 j
990 3952 1112 4075 imm
1130 3978 1218 4052 pon·
1225 4002 1229 4009 -
1269 4037 1272 4041 ,

122 4087 190 4160 dus
215 4094 387 4184 aequant,
411 4084 468 4161 vel
487 4113 549 4184 qm
540 4084 690 4186 'grandi
706 4085 867 4186 poeticae
884 4066 959 4160 suli
974 4048 1110 4159 littaris
1126 4109 1217 4160 sono

126 4217 234 4292 animi
253 4241 365 4292 sensa
389 4213 577 4305 obscurius
601 4216 817 4318 significant,
849 4243 954 4317 quam
986 4215 1114 4293 clarius
1145 4183 1217 4287 elo-
