2700 4672
211 251 293 304 xlnv

211 420 370 495 edendae
387 417 479 509 talis,
505 419 644 519 qualem
662 417 847 517 descripsi,
865 418 1112 518 grammaticae
1130 419 1316 495 eonsilium

211 553 300 653 cepi.
336 551 389 626 At
408 552 550 651 quaudo
568 551 627 624 hic
646 549 834 623 multorum
851 576 1022 622 annorum
1041 551 1141 624 labor
1154 563 1220 641 cst,
1230 553 1317 626 milri

208 709 296 761 vero
313 684 518 783 pammatii
530 680 689 781 contigit,
708 682 768 756 vix
781 680 963 755 dimidium
979 685 1056 779 ejus
1070 709 1186 782 usque
1199 684 1316 759 adhuc

210 814 354 891 absolvi.
403 813 550 916 Interim
574 812 752 887 Demetrii
776 813 1317 913 ZeniParapluasinBatraclro-

209 946 450 1047 myomaclriae
475 945 997 1045 vulgari.sermone'scriptam
1022 946 1075 1020 sic
1107 947 1213 1022 edere
1245 958 1302 1022 sta

209 1079 275 1169 tui,
298 1089 340 1152 ut
365 1090 473 1178 quum
499 1086 642 1152 constet
671 1077 836 1153 carminis
865 1077 971 1181 hujus
1002 1087 1139 1153 textum
1169 1078 1317 1155 mendo·

208 1211 352 1286 sissimo
374 1210 419 1284 ab
444 1208 520 1284 aliis
546 1210 645 1309 prius
672 1209 841 1302 emissum
867 1212 959 1299 esse,
983 1209 1081 1284 nullo
1095 1209 1241 1284 mendo
1260 1223 1316 1285 ress

117 1417 121 1423 .
207 1343 295 1418 licto
326 1339 474 1416 eruditis
505 1340 749 1450 ostenderem,
784 1367 843 1414 me
873 1340 1003 1416 studiis
1035 1350 1143 1442 atque
1173 1342 1315 1443 vigiliis,

209 1475 339 1575 quibus
364 1457 529 1547 diuturna
553 1471 726 1572 loquendi
754 1473 995 1568 et,scrilrendi
1026 1472 1231 1550 exercitatio
1256 1501 1314 1550 ac·

207 1607 329 1696 cessit,
351 1605 390 1679 id
415 1614 647 1680 consecutum
672 1613 837 1695 esses‘ut
861 1606 949 1706 quid
978 1615 1077 1680 recte
1108 1605 1246 1681 dicatur
1275 1606 1313 1680 in

204 1739 273 1813 hnc
297 1737 495 1813 recentiore
519 1736 649 1836 lingua,
675 1736 762 1836 quid
786 1738 904 1812 miuus
928 1749 1036 1828 recte,
1061 1739 1171 1838 probe
1185 1737 1313 1812 iutelli-

207 1895 296 1973 gam.
353 1867 497 1968 Quodsi
522 1867 614 1942 hane
643 1893 758 1941 meam
789 1895 948 1970 operam,
979 1896 1086 1968 quarn
1115 1869 1310 1944 litterarum

206 2026 412 2103 graecarum
436 1999 555 2075 studio
580 2000 712 2076 deditis
738 2001 863 2090 dicavi,
887 1999 1026 2075 idoneis
1043 1999 1167 2076 talium
1191 2027 1309 2075 rerum

203 2133 381 2234 judicibus
405 2131 583 2233 placuisse
609 2158 745 2233 eosque
771 2159 900 2232 cupere
924 2130 1145 2221 intellexero,
1176 2133 1310 2207 utalia

205 2266 350 2368 quoque
375 2263 481 2363 hujus
506 2265 647 2365 generis
676 2264 806 2364 scripta
829 2263 867 2336 in
890 2262 1005 2337 lucem
1031 2261 1222 2361 proferam,
1247 2291 1310 2342 vo-

203 2400 331 2474 luntati
356 2423 478 2477 eorum
504 2395 641 2472 facilem
667 2421 724 2469 me
748 2395 937 2495 praebebo.
992 2394 1139 2483 Restat,
1172 2406 1213 2469 ut
1237 2397 1310 2496 pri·

202 2557 298 2606 mum
325 2556 425 2630 agam
450 2527 495 2602 (le
520 2527 706 2603 Demetrio
731 2525 830 2599 Zeno
856 2528 1006 2624 ejusque
1025 2551 1145 2626 opere,
1167 2535 1243 2601 tum
1261 2528 1308 2603 de

203 2661 447 2764 superioribus
486 2663 563 2759 ejus
601 2658 766 2734 carminis
804 2657 1029 2745 editionibus,
1059 2655 1223 2756 ,denique
1260 2659 1307 2734 de

202 2793 370 2881 consilio,
421 2791 519 2895 quod
567 2790 606 2864 in
654 2787 857 2862 adornanda
887 2787 964 2860 -hac
1004 2788 1175 2863 editione·
1203 2816 1306 2867 secu-

201 2937 262 3004 tus
286 2952 376 3002 sum.

345 3057 405 3132 De
430 3051 617 3130 Demetrio
641 3051 740 3126 Zeno
765 3077 878 3152 pauca
901 3052 1146 3128 tantummodo
1171 3079 1306 3129 memo-

198 3192 274 3266 riae
303 3188 444 3292 prodita
473 3183 624 3286 repperi.
683 3181 805 3257 Patria
843 3185 920 3282 ejus
950 3183 1156 3284 Zacynthus
1187 3185 1304 3261 insula

179 3325 276 3413 luit,
300 3333 342 3397 ut
365 3320 520 3393 testatur
543 3324 666 3388 auctor
690 3314 847 3417 Dialogi,
874 3317 936 3416 qui
966 3316 1203 3416 Paraphrasin
1233 3316 1304 3391 Ba-

197 3446 563 3548 trachomyomaclriae
587 3448 777 3547 praecedit.
827 3448 913 3547 Quo
935 3474 1028 3522 anno
1049 3455 1155 3521 natus
1173 3458 1210 3521 et
1229 3474 1303 3547 quo

197 3595 370 3662 mortuus:
383 3577 442 3667 sit,
468 3586 505 3652 et
530 3577 627 3678 qnod
653 3580 686 3653 ei
709 3580 804 3655 vitae
822 3606 933 3680 genus
954 3578 1074 3668 suerit,
1085 3579 1301 3677 ignoramus.

197 3709 407 3811 Ducangins
432 3709 552 3786 Gloss.
583 3710 625 3785 Τ.
649 3711 686 3785 ΙΙ
711 3713 749 3785 in
772 3710 883 3783 Indic.
908 3710 1047 3783 Auctor
1078 3737 1112 3807 p.
1137 3711 1184 3782 47
1217 3737 1299 3786 eum

196 3846 290 3919 circa
315 3838 445 3915 annum
474 3845 566 3916 1530
587 3841 751 3918 floruisse
770 3840 957 3929 existimat,
981 3835 1159 3932 inductus,
1182 3843 1221 3916 ui
1238 3843 1300 3916 lal-

195 3976 259 4065 lor‚
274 3960 325 4050 'ut
348 3975 418 4049 hoc
442 3984 626 4063 statueret,
651 3972 769 4050 verbis
794 3970 942 4045 lllartiui
962 3971 1090 4062 Crusii,
1116 4000 1208 4071 quae
1226 3985 1321 4049 sta·

194 4109 259 4183 tim
285 4107 453 4210 allegabo.
503 4106 653 4180 Praeter
676 4103 768 4176 hanc
793 4102 1210 4203 Batrachomyomaclriac
1236 4134 1298 4205 pa-

193 4240 380 4344 raphrasin
405 4235 500 4312 aliud
526 4262 671 4335 quoque
692 4234 781 4308 Zeui
805 4260 932 4334 poema
949 4235 1100 4313 Crusius
1124 4259 1283 4313 memora
