2700 4672
1170 239 1236 312 101

73 488 75 494 ,
133 423 208 491 198.
231 457 275 474 -
297 411 492 507 ε’σφοῦγγισε
520 444 561 490 ex
591 425 680 511 vulgi
710 427 937 494 consuetudine
964 423 1023 517 pro
1052 415 1232 517 ἕσπόγγισε.

129 548 178 615 At
205 546 289 613 nihil
317 549 433 612 mirum
462 550 497 613 in
523 548 586 613 bae
618 550 738 630 lorma3
772 570 848 615 nam
881 552 985 617 Attici
1021 523 1158 638 quoque*
1176 546 1231 618 cbo
1268 619 1271 625 .

127 662 273 753 σπόγγον
294 671 500 758 appellabant
520 661 677 753 σφόγγον.
713 673 897 756 Praeterea,
920 696 1133 766 quamsaepe
1154 704 1172 741 o
1193 680 1231 753 in

128 817 169 855 ου
190 796 226 859 in
249 806 390 866 veterum
412 793 563 860 dialectis
585 797 761 878 transierit,
785 793 936 862 notares
958 812 1017 864 est.
1048 800 1126 867 Vid.
1142 802 1228 869 Mat-

126 916 217 981 turae
239 917 296 979 ar.
320 916 377 978 or.
399 917 491 979 rom.
515 917 584 1004 lp.
609 915 652 981 st
675 919 724 982 ea.
747 919 791 983 11.
1136 904 1139 907 ’

202 1058 204 1063 ·
257 1037 301 1100 V.
326 1036 400 1103 196.
444 1029 692 1118 commonicare
713 1041 794 1127 Imp.
812 1060 878 1105 eor.
897 1043 985 1108 verbi
999 1045 1128 1110 barbari
1148 1066 1228 1129 συμ-

125 1157 258 1238 πασχῶ,
286 1161 368 1244 quod
396 1161 504 1224 omisit
528 1162 718 1247 Ducangius
745 1165 782 1227 in
810 1163 984 1229 Glossario.
1043 1165 1122 1253 Ejus
1154 1169 1227 1234 loco

125 1267 221 1350 hodie
242 1296 280 1349 ut
301 1284 505 1365 antiquorum
527 1295 632 1346 aetate
654 1275 838 1364 συμπάσχω
861 1287 981 1365 dicunt,
1004 1309 1101 1371 aquo
1119 1280 1241 1358 differt

124 1405 306 1490 συμπαβῶ,
335 1406 418 1487 quod
445 1406 605 1492 prioribus
624 1406 771 1480 ,saeculis
800 1408 967 1474 simillima
985 1412 1226 1496 significatione

122 1536 203 1595 erat.
227 1566 269 1576 -
292 1517 347 1605 risu
365 1518 447 1603 ’δική
468 1550 534 1608 μου
555 1529 577 1591 i.
601 1549 628 1592 e.
652 1523 708 1605 triv
729 1519 835 1605 ἕδικήν
854 1552 928 1611 μου.
978 1532 1028 1596 Cl.
1050 1535 1159 1600 adnot.
1183 1537 1226 1603 ad

120 1674 202 1719 vers.
226 1649 279 1716 20.

252 1773 297 1836 V.
322 1771 395 1838 197.
440 1770 532 1833 πᾶσα
554 1760 597 1844 εἷς
618 1772 670 1838 vel
691 1768 783 1833 πᾶᾰα
806 1763 880 1846 ἕνας
905 1775 1067 1843 soloocum
1094 1792 1128 1844 et
1153 1783 1224 1846 bar·

120 1901 232 1965 barum
260 1917 319 1986 pro
348 1885 488 1968 laceror.
538 1895 615 1960 Vid.
647 1895 761 1961 Corais
788 1890 908 1960 ’Arana
929 1900 1011 1963 Tom
1033 1901 1067 1965 Il
1093 1923 1125 1989 p.
1148 1901 1224 1968 286.

120 2022 285 2086 Interdum
313 2021 397 2108 apud
423 2021 619 2103 antiquiores
647 2032 761 2105 poetas
794 2008 1066 2106 barbarograeoos
1092 2023 1223 2110 legitur,

122 2145 203 2226 quod
225 2142 321 2231 paulo
344 2154 398 2205 est>
415 2144 550 2221 rectius,
579 2137 642 2210 πᾶς
670 2130 743 2212 ἕνας
770 2143 821 2207 vel
848 2149 1044 2229 conjunctim
1072 2140 1224 2219 πασένας.

118 2267 223 2332 Hodie
245 2263 372 2353 probis
391 2264 606 2327 locutionibus
622 2264 773 2326 dicituro
788 2265 883 2346 vulgo
899 2256 985 2336 κάξνε
1001 2268 1052 2331 vel
1067 2263 1221 2341 aopa'ooc.

253 2387 296 2451 V.
323 2385 396 2452 198.
439 2375 546 2465 λάβαν
568 2386 589 2447 i.
614 2407 642 2448 e.
667 2372 798 2464 ἕλαβαν,
820 2384 919 2450 attice
941 2376 1065 2470 ἔλαβον.
1086 2427 1130 2442 -·
1152 2413 1222 2454 παι.

121 2503 176 2573 διά
196 2533 255 2601 per
276 2512 438 2594 synizesin
459 2531 519 2597 pro
541 2500 661 2568 παιδία.
732 2550 735 2555 ·

251 2635 296 2698 V.
321 2632 395 2698 199.
438 2619 621 2744 campove&
653 2631 674 2693 i.
698 2653 725 2694 e.
753 2622 960 2711 συντροφίαυ,
995 2651 1075 2714 quae
1102 2655 1166 2698 vox
1186 2638 1224 2701 in

119 2760 298 2824 recentiore
320 2758 436 2841 lingua
457 2775 584 2842 semper
606 2754 672 2816 lere
698 2774 758 2840 pro
787 2751 952 2817 comitutu
978 2755 1029 2819 vel
1058 2752 1225 2823 societate

121 2884 287 2968 accipitur.
339 2879 495 2966 Exempla
523 2876 620 2961 hujus
647 2878 898 2960 significationis
926 2899 968 2941 ex
995 2880 1222 2945 vetustioribus

120 3006 249 3090 scriptis
264 3002 390 3086 vulgari
405 3021 551 3064 sermone
568 3001 721 3063 conlectis
737 2999 867 3083 collegit
882 3000 1072 3084 Ducangius
1089 3002 1171 3066 Tom
1186 3003 1222 3068 Π

118 3144 192 3211 pag.
223 3120 318 3188 1490.
368 3123 463 3186 Hanc
488 3123 777 3206 significationem,
810 3141 904 3202 quam
931 3125 1060 3209 rejectis
1086 3124 1221 3206 reliquis

117 3265 218 3332 prope
239 3243 344 3308 solam
365 3245 499 3307 retinuit
520 3245 651 3307 citerior
673 3245 842 3328 graecitas,
865 3247 1030 3329 antiquam
1052 3268 1123 3311 esse
1146 3267 1221 3311 con-

118 3379 195 3432 stat.
241 3367 382 3431 Consule
403 3367 642 3450 Londinensem
657 3366 816 3431 Thesauri
830 3365 1024 3455 Stephaniei
1046 3370 1221 3434 editionem

118 3513 144 3556 s.
169 3489 201 3553 h.
225 3513 253 3554 v.
303 3489 396 3556 Raro
423 3482 597 3572 omnpooio
625 3510 685 3577 pro
713 3479 879 3571 ociorpopot
906 3491 1041 3568 (licitur,
1069 3503 1105 3555 ut
1133 3494 1220 3557 infra

117 3635 211 3679 versu
238 3611 314 3678 388.
364 3615 447 3676 Tum
473 3615 573 3697 igitur
601 3613 786 3677 vertendum
815 3623 865 3675 est
891 3607 1073 3688 socierum,
1095 3609 1246 3676 amico--

117 3759 203 3814 rum,
215 3731 454 3824 familiarium
477 3735 619 3798 nomino.
761 3797 764 3800 ,

250 3857 293 3921 V·
318 3856 392 3922 200.
423 3858 489 3924 ,De
519 3850 595 3917 ποτέ
612 3879 676 3937 μου
703 3856 766 3919 vid.
791 3855 897 3919 adnot.
928 3856 968 3920 ad
995 3877 1076 3922 vers.
1100 3857 1153 3922 75.
1175 3892 1219 3907 -·-

119 3975 221 4062 ἄφωνα
244 3981 260 4045 1
285 3959 370 4069 pers.
391 3981 476 4065 sing.
498 3980 579 4067 Imp.
601 3991 664 4044 act.
686 3983 770 4044 verb.
792 3969 914 4056 ἅφίυω,
941 3981 1065 4063 dequo
1085 3980 1155 4045 dixi
1178 3983 1220 4046 ad

117 4126 199 4174 vers.
225 4103 300 4171 136.
321 4139 365 4155 -
384 4096 498 4188 ’βγοῦυ
518 4101 659 4193 explicui
687 4105 728 4170 ad
754 4123 836 4171 vers.
861 4101 935 4170 185.
964 4139 1008 4154 -
1037 4093 1101 4166 ἀπὸ
1121 4096 1220 4167 κοινά
