2700 4672
233 237 282 313 90

230 425 265 496 sd
285 422 449 515 ὀμμάτων.
477 465 523 479 -
544 427 722 496 Deforme
740 422 919 514 βουροώναυ
939 433 1025 497 idem
1047 434 1225 516 dicendum,
1247 437 1343 521 quod.

230 559 271 622 de
302 544 545 618 ὸωωωυλόναυ.
586 554 749 638 Designot
780 567 887 620 sotem
919 544 1082 637 βουρκόυω
1115 559 1265 645 primitus
1285 559 1332 640 id,

131 719 133 723 -
229 681 313 763 quod
344 678 533 762 Dueengius
565 697 639 762 pag.
672 673 737 739 222
769 655 838 758 eit,
870 675 908 740 in
939 698 1042 742 coeno
1069 677 1202 755 voluto,
1235 701 1332 763 quum

228 798 353 883 βοῦρκα
373 801 458 887 opud
479 799 584 862 nostri
606 799 1099 894 temporisGreeeos'coemrm
1115 814 1214 866 notet.
1262 800 1331 867 Sed

229 925 316 1006 quis,
343 941 477 1005 quaeso,
504 920 638 984 eandem
667 921 730 984 vim
760 920 835 985 lmie
861 925 957 986 verbo
979 935 1090 987 nostro
1113 943 1235 1006 quoque
1256 924 1330 988 loeo

229 1066 301 1110 eom
330 1043 491 1108 Glossarii
518 1041 607 1105 illius
635 1054 766 1106 auotore
794 1045 951 1108 osoribetl
995 1043 1191 1110 Rectissime
1213 1014 1329 1133 nempe

228 1168 361 1231 Crusius
383 1167 494 1230 vertite
517 1164 602 1227 oeuli
624 1168 692 1248 ejus
714 1162 963 1230 humescebant.
1008 1163 1068 1231 Sie
1091 1188 1212 1250 quoque
1233 1168 1328 1232 intel-

224 1290 374 1374 ligendus
396 1288 485 1351 loeus
506 1307 549 1350 ex
569 1286 717 1353 Historia
742 1287 915 1376 Apollonii
943 1290 1052 1372 Tyrii,
1085 1311 1178 1373 quem
1205 1290 1329 1375 ollegot

224 1412 424 1507 Ducengius.
629 1492 631 1497 Ι

240 1583 244 1588 .
355 1532 399 1595 V.
424 1528 497 1595 129.
541 1526 789 1645 pteravoptelpte'otoe
816 1535 1021 1618 participium
1043 1537 1213 1599 barbarum
1234 1537 1327 1600 rddu·

222 1655 397 1744 plicatione
418 1674 533 1718 cerens
555 1656 635 1741 pers.
657 1670 743 1736 poss.
766 1655 854 1718 verbi
874 1645 1080 1736 μετανοιὸνω,
1107 1658 1191 1740 quod
1212 1681 1231 1720 e
1252 1661 1326 1722 sub-

223 1779 365 1844 stantivo
385 1765 536 1857 μπάνοιά
557 1788 669 1840 netum
691 1777 805 1860 vulgus
826 1796 886 1862 pro
907 1774 1051 1856 meroveci
1072 1778 1209 1844 adhibet
1256 1780 1325 1844 Cur

221 1903 392 1967 barbarum
407 1897 565 1986 appellem
581 1897 644 1962 hoe
660 1898 877 1985 perticipium,
892 1902 1028 1983 emergit
1049 1922 1092 1964 ex
1112 1902 1166 1982 iis,
1181 1922 1261 1983 quoe
1278 1903 1324 1965 od

222 2043 303 2087 vers.
329 2019 370 2085 13
391 2022 535 2107 exposui.
555 2052 600 2070 ·-
621 2007 709 2095 limos
730 2019 782 2083 vel
801 2005 875 2095 ἦτον
895 2021 947 2084 rel
967 2006 1020 2096 ἧτο
1042 2029 1129 2086 erat.
1158 2056 1202 2068 -
1227 2015 1323 2106 stolon

221 2163 281 2230 pro
302 2134 425 2225 ποιήσῃ.
463 2142 514 2206 ct.
535 2142 645 2205 adnot·
669 2143 710 2206 od
732 2116 829 2207 verss.
854 2139 896 2206 18
919 2154 951 2206 et
973 2141 1024 2206 20.
1069 2144 1162 2208 Adde
1175 2147 1321 2226 quoodo·

222 2267 345 2332 ouimus
366 2267 406 2330 de
427 2263 490 2329 hoo
513 2265 750 2327 construetione
772 2264 815 2327 ed
835 2263 969 2347 Dialogi
990 2272 1116 2329 versum
1141 2265 1170 2328 1.
1308 2332 1316 2341 ,

238 2444 241 2449 ,
323 2386 393 2452 7V.
419 2383 493 2451 130
537 2376 655 2467 γυρίζω
677 2383 731 2450 hio
752 2385 839 2451 volet
860 2383 972 2451 redeo·
1018 2386 1066 2454 ct.
1091 2392 1256 2453 observato
1278 2390 1322 2454 od

218 2532 300 2579 vers·
324 2506 401 2576 119.

137 2656 139 2660 .
235 2682 241 2687 .
349 2630 390 2695 V.
415 2627 488 2695 131.
532 2617 628 2710 μόναι
650 2631 687 2695 irt
708 2631 886 2695 recentiore
899 2650 1048 2695 sermone
1062 2643 1158 2696 sonet
1173 2640 1320 2711 tontum,

218 2749 460 2826 tantummodo,
481 2747 600 2816 solum.
620 2787 665 2802 -
685 2743 726 2814 eol
746 2740 829 2813 πόδι’
852 2752 873 2817 i.
889 2773 917 2816 e.
940 2743 981 2812 rol
994 2743 1086 2813 πόδια
1097 2750 1211 2839 pedes.
1240 2752 1318 2819 Sin·

218 2876 341 2964 gulosis
361 2874 546 2961 plerumque
569 2875 658 2939 audit
679 2864 714 2934 τὸ
733 2866 805 2934 oddo
826 2893 884 2958 pro
906 2862 941 2934 τὸ
962 2861 1078 2938 πόδιον.
1101 2909 1145 2922 -
1167 2875 1219 2939 De
1240 2869 1319 2936 olord-

216 3017 336 3080 eane
357 2995 480 3060 loeutus
502 3017 573 3060 sum
600 2997 641 3060 ed
663 3013 743 3061 vers.
766 2993 787 3059 7
809 2994 953 3079 Dialogi.
987 3030 1032 3044 -
1064 2987 1105 3056 rol
1125 2986 1236 3078 oldyr’
1257 3018 1317 3084 per

216 3139 380 3217 epooopeo
401 3139 459 3204 pro
480 3105 604 3200 πλάγια
625 3112 753 3192 latera,
773 3120 866 3201 eujus
887 3119 974 3182 vocis
996 3139 1081 3182 nom.
1102 3121 1186 3204 sing.
1209 3131 1259 3184 est
1279 3110 1316 3180 πὸ

214 3229 313 3323 πλάγι
333 3239 385 3305 vel
404 3229 548 3322 πλάγιον.

231 3335 259 3415 .]
331 3345 640 3438 ’0.130.’1ἰβλεπε
666 3359 755 3444 vulgi
783 3379 872 3425 more
899 3362 1075 3449 dupliciter·
1098 3375 1225 3426 ouetum
1253 3384 1315 3449 pro

213 3470 330 3564 ἔβλεκε.
376 3484 425 3548 Gi.
446 3502 528 3563 queo
549 3501 648 3568 supra
669 3485 850 3548 notavimus
879 3483 920 3546 ed
940 3483 1074 3566 Dialogi
1101 3503 1185 3593 νωτεἱ
1211 3483 1242 3547 7.
1267 3518 1314 3532 -

211 3604 273 3671 ποῦ
288 3606 371 3671 itt
390 3605 670 3690 interpretandum
692 3605 781 3691 quo?
809 3608 864 3688 qui
888 3608 967 3668 'uem
994 3620 1037 3667 tte
1059 3606 1222 3668 -reteribus
1244 3608 1314 3687 qui-

211 3729 283 3793 dem
303 3725 401 3814 plane
423 3728 552 3809 ignotus
575 3728 650 3807 tuit,
673 3728 749 3791 lieet
769 3748 789 3789 a
811 3727 958 3789 Porsono
988 3727 1029 3789 ed
1056 3726 1220 3813 Euripidis
1248 3727 1313 3791 He·

211 3851 280 3916 eub-
303 3869 385 3914 vers.
410 3844 495 3912 1070
517 3844 647 3929 (1054)
673 3869 748 3935 pag.
772 3846 814 3911 77
844 3847 891 3909 ed.
912 3846 1003 3933 Lips-
1029 3846 1104 3926 (ubi
1130 3861 1163 3911 et
1190 3845 1312 3912 Schoe-

209 3971 271 4054 ieri
292 3968 528 4035 animadversio
550 3970 704 4051 quaedem
726 3967 845 4032 addite.
857 3969 924 4049 est)
945 3969 989 4044 ‚in
1017 3966 1148 4036 dubium
1170 3981 1319 4034 vocetur·

208 4124 253 4145 -ι-
274 4079 362 4174 πάγῃ
384 4088 562 4174 vulgariter
581 4111 640 4179 pro
661 4081 788 4172 ὑπάγῃ.
809 4126 853 4138 -
1295 4066 1299 4073 ’

340 4212 382 4277 V.
407 4210 483 4278 133.
518 4203 560 4275 rd
580 4201 696 4293 ποτάμ
715 4211 768 4279 rel
788 4202 939 4292 ποτάμιον
966 4212 1016 4276 in·
1030 4195 1190 4276 inferiore¹
1210 4210 1311 4276 Gree-
