2700 4672
1174 236 1223 309 67

121 417 224 481 tinum
251 410 400 478 luridum
430 415 499 479 sive
526 409 678 495 lordum,
707 417 791 499 quod
822 413 919 484 hodie
953 439 1069 506 graece
1103 427 1221 496 dieitur

119 525 211 619 iobii
242 537 293 601 vei
319 526 455 619 λαρδίον.
507 539 638 603 Priores
669 537 787 602 Graeci
814 553 848 605 et
874 530 989 624 λάρδος
1018 565 1221 635 usurparunt,

120 661 169 725 Cf.
192 661 340 745 Ducang.
364 661 468 725 Gloss·
490 661 571 725 med.
600 671 634 725 ot
660 661 719 723 ini.
743 680 792 745 gr.
816 663 907 727 Tom.
930 666 957 730 Ι.
979 688 1054 754 pag.
1077 664 1152 738 790.
1175 709 1220 728 .-

119 775 214 866 ῥηγὸς
234 781 326 870 regis
347 784 454 848 latina
475 805 547 850 vox.
596 783 709 866 Neque
736 783 842 848 solum
868 778 938 864 ὁῆξ,
965 791 1147 860 sedetiam
1169 790 1219 885 ῥή.

119 930 192 988 pao,
213 905 269 968 voi>
289 898 375 988 ῥήγα
395 907 445 970 sio
466 903 649 992 u'surpatur.
700 905 787 970 Vide
808 904 896 972 looos
919 930 939 973 a
960 911 1130 999 Ducangio
1152 920 1175 982 Ι.
1198 921 1218 987 L
1275 918 1277 925 ’

120 1030 212 1093 Tom.
234 1029 278 1093 11.
301 1049 375 1115 pag.
399 1026 484 1094 1293
507 1027 632 1093 allatos.
677 1060 722 1075 -··
766 1022 933 1112 θυγατέρα
960 1033 983 1096 i.
1010 1056 1038 1099 a.
1067 1030 1220 1124 θυγάτηρ,

119 1151 204 1216 Vide
226 1152 268 1216 ad
290 1172 371 1216 vers.
394 1149 446 1218 28.
1194 1167 1203 1177 ·

249 1269 292 1337 V.
316 1272 370 1340 51.
413 1266 441 1336 κ’
471 1265 537 1335 εἶσὶ
564 1294 624 1362 pro
652 1263 710 1334 osai
730 1270 784 1354 εἰς,
806 1276 828 1339 i.
852 1294 880 1338 e.
902 1264 959 1337 uui
981 1269 1024 1341 ἓν.
1070 1279 1119 1345 Cf.
1141 1303 1222 1367 φωρ

119 1398 355 1462 observavimus
377 1396 419 1462 ad
439 1396 562 1480 dialogi
583 1386 663 1462 vers.
687 1395 718 1462 9.
747 1430 792 1444 -
824 1387 949 1478 καλύβη
972 1401 993 1463 i.
1016 1423 1044 1463 e.
1066 1395 1219 1486 καλύβην.

119 1553 163 1567 --
186 1506 239 1594 dxc
259 1539 337 1597 non,
362 1529 468 1583 ortum
490 1539 532 1582 ex
554 1521 685 1601 antiquo
707 1509 791 1592 οὐχί.
840 1519 892 1584 De
913 1522 1100 1590 discrimine
1122 1533 1221 1614 parti.
1252 1555 1256 1560 ’

96 1645 263 1708 ¹cularum
284 1643 507 1726 negativarum
528 1625 598 1718 ἔχι,
619 1631 675 1702 dio
696 1652 729 1706 at
749 1634 794 1722 μὴ
821 1641 972 1735 disseruit
998 1643 1161 1714 Rusiades
1184 1654 1221 1718 iu

119 1768 228 1831 Praot.
268 1766 411 1830 Gramm.
448 1765 506 1845 der
542 1762 828 1859 neuhellenisohen
866 1757 1014 1852 Spraohe
1050 1769 1141 1835 Tom.
1175 1773 1220 1840 II.

120 1910 194 1975 pag.
217 1885 283 1953 uti
304 1907 391 1971 seqq.
435 1917 479 1933 -
523 1877 555 1967 μ’
576 1878 688 1971 ὀλίγον
709 1877 807 1950 κόπον
828 1888 850 1952 i.
873 1911 900 1952 e.
923 1877 965 1970 pb
987 1881 1097 1974 ὀλίγον
1116 1883 1222 1958 aeduam
1322 1894 1336 1923 ⁴³·

120 2012 169 2076 cf.
192 2012 348 2077 adnotata
369 2010 411 2075 ad
432 2030 514 2075 vers.
539 2008 591 2075 16.

252 2133 296 2196 V.
319 2131 371 2197 52.
409 2133 537 2214 vqoqmic
552 2133 631 2199 Aoo.
647 2129 691 2219 pl.
716 2132 766 2196 Cf.
783 2151 863 2215 quae
882 2132 1020 2200 diximus
1038 2135 1080 2202 ad
1094 2156 1175 2204 vers.
1189 2132 1220 2208 3.

119 2290 160 2306 -
177 2250 256 2317 ὃποΰ
269 2246 314 2316 ’νε
330 2255 389 2319 i.e.
402 2248 481 2315 ὀποῦ
492 2241 550 2315 ior.
585 2254 671 2318 Vide
693 2255 935 2321 adnotationem
956 2258 998 2322 ad
1019 2278 1100 2323 vers.
1116 2258 1138 2325 9
1155 2262 1221 2328 dia·

119 2379 197 2464 logi.
240 2378 292 2446 Ex
314 2388 461 2463 corrupto
483 2363 617 2453 duodus,
639 2376 725 2456 quod
748 2374 882 2441 orosius
904 2377 1015 2459 habet,
1043 2377 1118 2446 oliui
1145 2403 1221 2464 quo.
1338 2436 1341 2439 ,

120 2522 181 2585 quo
202 2494 282 2562 ὀποῦ
300 2494 342 2561 'oe
363 2502 385 2565 i.
409 2522 436 2564 e.
460 2491 540 2559 6ποῦ
562 2485 607 2558 ἔνι
628 2508 748 2585 posset,
769 2499 826 2561 sed
846 2489 928 2560 ὀποῦ
945 2492 1002 2560 ’oea
1029 2503 1108 2566 ferri
1129 2471 1235 2570 nullo-

119 2625 216 2689 modo
239 2634 354 2710 potest‚
377 2621 454 2687 lieet
475 2621 560 2685 idem
582 2621 732 2685 mendum
759 2623 888 2708 saepius
916 2624 952 2688 in
978 2621 1042 2688 hoo
1069 2625 1220 2713 opusculo

119 2750 161 2813 ab
177 2748 356 2829 *editoribus
378 2756 539 2812 servatum
561 2743 613 2809 sit.
774 2739 781 2750 ”

252 2868 293 2932 V.
318 2866 371 2933 53.
416 2868 468 2932 De
482 2854 621 2947 καρύδια
636 2867 674 2929 oi.
691 2884 772 2948 quae
788 2866 1024 2933 observavimus
1038 2870 1170 2935 advers.
1188 2869 1220 2936 6.

58 3024 63 3031 -
120 3027 164 3039 -
185 2987 430 3072 Depuevdvide
453 2990 694 3055 adnotationem
716 2989 861 3054 advers.
887 2988 936 3055 16.
959 3021 1004 3038 α»-
1030 2982 1221 3073 inpromptu
1251 3006 1255 3014 “

122 3113 176 3178 hio
204 3124 361 3178 vooantur
388 3132 469 3193 quae
496 3114 628 3194 antique
655 3124 774 3176 sonant
801 3104 1006 3200 λεπτρκάρυα.
1060 3112 1221 3180 Similiter

122 3236 239 3298 Graeci
260 3254 347 3297 nune
368 3235 404 3296 in
425 3233 552 3316 vulgari
573 3253 722 3296 sermone
744 3234 896 3300 adhibent
917 3225 1091 3323 adpropro
1107 3227 1220 3315 κόπτω,

121 3348 418 3444 embolimaeorum,
439 3349 572 3435 asbiorno
582 3375 640 3442 pro
650 3346 789 3436 κλέπτης,
812 3348 892 3437 iorni
901 3378 961 3445 pro
973 3352 1060 3435 istud,
1072 3364 1161 3444 ouJus
1172 3362 1220 3424 rei

121 3494 154 3546 et
164 3484 200 3546 in
215 3480 480 3567 inscriptionibus
496 3480 639 3562 antiquis
656 3479 757 3544 multa
773 3478 1054 3566 deprehenduntur
1073 3481 1219 3564 vestigia.

251 3603 294 3664 V.
318 3599 371 3666 54.
415 3602 457 3666 In
478 3603 662 3666 recentiore
687 3600 801 3682 lingua
827 3590 924 3669 καλὸς
950 3618 1078 3685 semper
1103 3601 1221 3687 aooipi·

121 3739 173 3792 tur
194 3746 252 3813 pro
275 3721 378 3800 bono,
399 3741 563 3803 nunquam
584 3741 643 3808 pro
662 3717 825 3805 pulchr03
843 3716 986 3805 prelcher
1006 3722 1093 3785 enim
1114 3721 1221 3809 appel·

121 3847 207 3911 latur
238 3839 351 3926 ὡραῖος
382 3846 434 3912 vel
462 3829 624 3926 εὔμορφος.
675 3845 725 3910 cf.
758 3845 873 3910 Corais
906 3838 1023 3906 ’nomn
1056 3845 1146 3908 Tom.
1175 3846 1219 3911 ΙΙ.

120 3989 194 4057 pag.
218 3966 291 4034 169.

252 4090 294 4157 V.
318 4086 370 4156 55.
415 4088 467 4154 De
489 4108 566 4155 vooe
583 4083 666 4170 eoba
684 4087 755 4154 vida
775 4089 883 4155 adnot.
901 4086 942 4152 ad
957 4085 1079 4173 dialogi
1095 4104 1175 4154 vers.
1188 4085 1219 4152 3.

121 4246 166 4264 -
187 4200 271 4276 dua
292 4214 503 4280 Aoousativus
525 4232 585 4300 pro
606 4212 736 4279 Dativo.
763 4244 802 4260 -
824 4200 959 4292 περισσά
979 4223 1083 4276 neutr.
1097 4211 1140 4297 pl.
1162 4229 1221 4296 pro
1257 4258 1303 4376 Δ

876 4331 896 4398 5
912 4329 924 4359 1
