2700 4672
172 254 250 303 ι..

176 421 348 499 madverti
372 420 431 496 vix
457 429 575 519 queat.
624 414 811 519 Quidquid
837 420 944 520 igitur
974 416 1161 522 discrepat-
1186 420 1282 498 inter
1324 399 1330 406 ”

131 614 134 621 .
175 566 379 654 utrumque,
406 554 441 625 in
467 551 732 633 Commentario
764 551 938 627 adnotari.
962 606 967 612 -
994 551 1189 652 Quomodo
1214 555 1281 632 Ze-

175 713 244 763 nus
269 684 702 784 Batrachomyomaclriam
724 683 885 757 imitatus
911 683 969 774 sit,
985 683 1069 759 nolo
1088 685 1203 762 fusius
1223 713 1283 773 ex·

175 844 320 920 ponere,
346 832 454 919 quum
480 816 566 888 milri
590 817 647 889 ad'
660 815 765 888 finem
791 816 1054 916 properandum
1080 819 1137 893 sit
1163 819 1204 894 ld
1224 847 1282 896 so.

53 918 59 928 ⁸
176 953 248 1027 lum
273 950 437 1051 adjungo,
464 948 561 1048 quod
585 946 748 1048 llgenius-
768 947 804 1021 in
823 948 1042 1047 praefatione
1062 949 1107 1022 ad
1124 951 1283 1052 Hymno·

114 1113 117 1118 ’
143 1148 152 1170 ,,
175 1112 253 1161 ram
277 1072 549 1157 Homericorum
575 1079 766 1152 editionem
792 1107 826 1180 p.
851 1080 1028 1158 XXXlV
1059 1082 1105 1156 de
1120 1082 1198 1170 ,hac
1221 1113 1284 1185 pa-

176 1203 337 1317 raplr'rasi
358 1214 462 1311 dixit,
488 1237 660 1287 summam
686 1221 723 1285 et
744 1211 898 1286 fortasse
915 1212 1093 1312 aliquanto
1113 1220 1282 1314 majorem

178 1358 226 1423 e'n
248 1375 299 1439 ea,
326 1372 431 1447 quam
457 1372 502 1418 ex
520 1343 713 1444 archetypo
732 1343 950 1445 uoluptatem
967 1346 1111 1451 percipi.
1134 1344 1282 1433 Etenim

136 1470 141 1477 ’
176 1481 318 1582 linguae
339 1478 503 1578 uulgaris
536 1476 745 1578 simplicitas
778 1496 950 1566 comeo,
968 1478 1079 1577 ,quod
1107 1480 1283 1555 tractatur

177 1621 396 1713 argumento,
421 1611 532 1710 magis
557 1609 728 1699 concinit,
755 1637 861 1709 quam
895 1609 986 1710 epici
1016 1612 1191 1687 sermonis
1222 1618 1283 1688 su

176 1746 341 1820 blimitas.
376 1743 458 1816 Iluc
483 1741 621 1816 accedit
642 1738 743 1840 qarod
767 1743 866 1843 polit
857 1768 991 1816 reorum
1015 1736 1183 1819 ¹versuum
1209 1772 1282 1821 me-

131 1907 133 1911 ·
176 1888 270 1951 trum
296 1875 341 1948 ad
366 1874 491 1948 comici
517 1875 657 1975 generis
684 1886 773 1975 'epos
783 1873 884 1948 haud
902 1873 1007 1974 paulo
1027 1875 1155 1974 aptius,
1174 1896 1282 1977 quam

178 2007 401 2084 artificiosius
415 2005 500 2080 illud
515 2005 708 2079 hexamet'
663 2016 710 2080 tn
724 2015 874 2087 metrum
883 2032 1013 2096 esse‚c
1007 2007 1200 2082 usandum
1212 2020 1280 2085 est

322 2139 449 2213 Dicam
474 2164 569 2215 nunc
594 2138 639 2210 de
665 2138 888 2214 editionibus.
944 2138 1089 2217 Primus
1111 2139 1181 2216 hoc
1200 2141 1281 2216 De·

176 2270 293 2347 metrii
323 2271 411 2344 Zeni
435 2247 563 2371 poema
595 2265 773 2344 Martinus
800 2268 950 2345 Cnosius
982 2272 1094 2346 edidit
1122 2243 1160 2344 in
1189 2272 1282 2347 Tur·

177 2403 380 2503 cograeciac
405 2402 496 2477 libro
521 2401 575 2479 Vl
606 2428 685 2502 pag.
711 2403 782 2473 373
809 2426 889 2501 sqq.
944 2403 978 2478 A
1011 2417 1082 2503 quo
1113 2404 1147 2476 ei
1177 2405 1282 2505 copia

176 2536 282 2634 hujus
309 2535 470 2634 opusculi
495 2534 675 2623 facta-sit,
706 2533 921 2635 ignoramus.
976 2534 1062 2636 lpse
1091 2534 1180 2608 nilril
1212 2535 1283 2612 lrac

176 2667 222 2742 de
248 2693 287 2742 re
312 2668 480 2743 tradidit
515 2667 609 2742 Nam
636 2664 733 2766 qaod
758 2693 790 2766 p.
815 2668 887 2739 372
913 2666 972 2757 ait,
996 2677 1037 2741 ut
1057 2686 1168 2767 'snpra
1185 2668 1283 2745 -vidi-

177 2824 266 2889 mus,
291 2784 508 2874 Milandram
534 2798 755 2911 sibilibr'nm
786 2795 981 2869 Zenianum
1012 2791 1058 2870 do
1087 2797 1281 2875 Alexandri

177 2929 229 3006 Μ.
254 2931 361 3006 nebus
392 2928 521 3029 gestis,
552 2912 611 2998 ab‘
626 2928 707 3024 ipso
740 2933 885 2997 auctore
920 2926 1079 3003 Venetiis
1109 2954 1280 3007 excusum

176 3061 336 3150 misisse,
367 3061 405 3132 id
436 3082 651 3157 quamquam
680 3055 907 3154 subjunctum
939 3067 996 3132 est
1027 3056 1279 3164 dialogo,÷³qui

160 3182 408 3292 'paraphrasin
433 3186 852 3286 Batrachomyomachiae
877 3191 1069 3290 praeeedit,
1095 3192 1202 3268 nolim
1227 3205 1299 3269 tas

178 3346 259 3393 men
285 3319 390 3393 simul
414 3320 459 3392 de
484 3319 553 3392 hoc
578 3318 690 3394 altero
714 3321 862 3394 Zeniani
893 3323 1025 3425 ingenii
1059 3324 1157 3399 loetu
1189 3328 1281 3398 aoei-

176 3477 273 3552 perc.
325 3450 461 3526 Obstat
483 3453 647 3525 nimiunn
672 3452 758 3526 lrnic
772 3455 938 3554 ‚opinioni
969 3455 1055 3529 illud
1079 3455 1281 3556 praecipue,

180 3583 277 3683 quod
297 3582 326 3656 si
346 3608 425 3656 eum
441 3581 533 3658 libro
553 3584 600 3657 de
615 3585 818 3661 Alexandro
840 3586 1039 3661 Macedone
1064 3585 1154 3660 lranc
1173 3588 1279 3663 etiam

180 3713 598 3813 Batrachomyomaclriae
623 3719 854 3820 paraphrasin
884 3746 903 3792 a
929 3719 1028 3791 Zeno
1060 3721 1129 3816 iam
1160 3714 1280 3797 Vene-

181 3846 240 3920 tiis
266 3847 471 3945 impressam
498 3876 563 3947 por
586 3848 802 3924 lllilandrum
827 3851 1036 3948 accepisset,
1060 3876 1135 3924 non
1159 3862 1280 3929 tantus

180 3977 389 4073 mendorum
425 4007 593 4055 numerus
631 3981 667 4054 in
705 3978 880 4054 Crusiano
917 3990 1018 4055 textu
1054 3986 1279 4085 reperiretur·

180 4108 274 4219 Quis
300 4111 392 4185 enim
417 4113 592 4187 credat
563 4139 615 4186 sre
640 4111 828 4213 scripsisse
820 4113 1025 4188 Zenumc
1006 4141 1147 4191 carmen
1164 4142 1279 4207 suum,

177 4253 218 4317 ut
242 4270 261 4315 a
287 4226 417 4317 Cnosia
442 4243 516 4317 cdit
501 4253 576 4317 tum
602 4245 680 4319 cst?
727 4245 793 4320 Sin
825 4255 886 4318 aut
887 4272 943 4320 cm
972 4245 1181 4346 opinamur
1176 4247 1276 4324 Cru-
