2700 4672
342 1263 1016 1444 Prol‘egomeua.
1156 1380 1159 1385 .

266 1709 320 1786 Ea
345 1708 494 1809 contigit
512 1705 695 1781 bominum
718 1706 848 1809 linguis
871 1707 1011 1784 indoles
1030 1733 1072 1782 ac
1087 1719 1222 1800 natura,

120 1854 162 1918 ut
186 1869 295 1942 quum
319 1840 408 1914 nihil
433 1840 506 1914 sint
529 1839 600 1914 nisi
624 1839 742 1916 variae
766 1840 914 1917 rationis
939 1823 1113 1916 humanae
1137 1842 1222 1916 ima-

121 1977 223 2076 gines
249 1985 357 2074 atque
382 1973 526 2063 formae,
550 1972 588 2045 in
614 1974 763 2046 maxima
788 1972 996 2051 diversitate
1014 1984 1221 2074 perpetuam
1272 1971 1276 1976 ’

121 2107 299 2207 quandam
324 2103 590 2179 similitudinem
616 2114 842 2182 conservent.
900 2105 1134 2207 Quapropter
1162 2132 1222 2184 ve·

81 2277 89 2287 ·
118 2249 235 2313 terum
259 2238 472 2340 populorum
496 2237 645 2336 linguas,
671 2264 819 2336 quarum
844 2237 1007 2311 notitiam
1033 2263 1053 2310 e
1079 2237 1221 2336 scriptis

118 2378 258 2445 tantum
287 2370 526 2445 monumentis
557 2368 698 2442 haurire
728 2368 829 2458 licet,
862 2394 954 2468 quae
983 2394 1058 2443 non
1088 2368 1222 2468 ubique

118 2499 257 2574 facilem
282 2501 415 2575 babent
439 2501 668 2592 intellectum,
693 2499 760 2576 sed
783 2500 962 2574 interdurn
986 2526 1105 2574 rerum
1129 2500 1221 2600 pari-

75 2708 77 2715 ,
118 2643 177 2708 ter
201 2642 309 2731 atque
335 2633 526 2708 verborum
552 2631 769 2704 obscuritate
799 2629 979 2720 laborant,
1010 2657 1030 2704 e
1053 2629 1222 2728 diligenti

119 2765 265 2839 aliarum
290 2762 489 2864 linguarum
515 2760 789 2860 comparatione,
814 2759 943 2834 sinon
967 2761 1128 2859 penitus,
1152 2786 1224 2834 ma·

119 2922 188 2996 gna
219 2907 337 2970 tamen
369 2921 414 2969 ex
448 2903 551 2994 parte
585 2892 722 2995 percipi
759 2917 870 2994 posse
899 2891 1126 2976 manifestum
1158 2901 1222 2967 est

118 3025 266 3127 Quippe
290 3029 328 3100 in
354 3027 450 3100 omni
474 3025 673 3126 linguarum
697 3023 818 3100 studio
841 3022 880 3098 id
897 3024 1052 3123 spectari
1071 3032 1223 3122 oportet,

118 3168 161 3232 ut
184 3158 451 3258 perspicuarum
477 3157 679 3258 cognitione
703 3182 822 3231 rerum
847 3155 957 3253 adjuti
982 3153 1028 3228 ad
1052 3180 1104 3246 ea,
1130 3179 1222 3254 quae

118 3290 226 3390 longa
275 3288 497 3363 saeculorum
547 3288 660 3364 series
700 3284 920 3379 obscuravit,
962 3286 1102 3362 facilius
1143 3284 1220 3359 illu-

121 3419 268 3497 stranda
287 3421 440 3494 animum
467 3418 695 3523 appellamus,
746 3418 789 3494 ln
815 3445 887 3517 quo
912 3417 1000 3492 nihil
1024 3417 1136 3518 magis
1160 3441 1221 3489 ne-

120 3553 316 3628 cessarium
341 3551 497 3642 videtur,
529 3578 636 3652 quam
669 3552 871 3627 universam
901 3549 1042 3649 linguae
1074 3547 1220 3643 alicujus

119 3684 305 3760 historiam
330 3684 384 3759 sic
407 3684 616 3783 perquirere
649 3691 757 3781 atque
788 3680 1003 3769 examinare,
1033 3688 1074 3752 ut
1105 3687 1220 3752 totum

120 3814 208 3889 illud
231 3826 384 3917 tempus,
410 3841 483 3916 quo
507 3814 661 3890 bominis
687 3816 800 3889 instar
824 3814 868 3886 ab
894 3811 1031 3911 exiguis
1055 3818 1133 3886 orta
1156 3809 1221 3882 ini·

120 3948 182 4022 tiis
208 3948 332 4032 crevit,
356 3946 486 4037 floruit,
511 3946 670 4022 decrevit
694 3956 802 4045 atque
826 3943 1002 4031 exstineto¹
1016 3950 1085 4051 est,
1101 3951 1221 4014 mento

122 4076 411 4179 contemplando,
435 4102 508 4151 non
532 4079 650 4152 minus
676 4076 839 4177 principii
864 4076 1031 4150 tenebras
1061 4071 1220 4147 florentis
1309 4157 1313 4166 ¹

121 4209 249 4286 aetatis
273 4208 363 4303 luce,
388 4207 507 4310 quoad
526 4210 602 4309 ejus
619 4208 696 4284 fieri
712 4216 844 4308 potest,
868 4208 1095 4294 illustremus,
1115 4225 1221 4302 quam
