2700 4672
1148 191 1200 245 ar
1295 225 1316 256 „

91 361 184 436 sium
208 359 513 459 principem‘esse
544 355 734 453 editorem,
764 355 830 429 alia
861 359 1020 433 nascitur
1052 359 1197 436 diffie-ul-

91 504 156 569 tas.
205 490 379 591 Dialogus
404 489 571 567 videlicet
601 487 747 561 carmini
778 487 848 586 ipsi
878 491 1097 589 praemissus
1137 520 1196 568 arr·

91 633 228 725 ctorem
253 624 331 698 sine
356 621 464 695 dubio
489 619 723 720 bibliopolam·
744 618 862 710 babet,
881 623 943 720 qufi
955 649 1051 713 eum,
1069 634 1110 700 nt
1125 650 1194 699 em-

89 762 188 833 tores
214 754 380 842 alliceret,
405 751 551 829 addidit.
600 751 745 827 Etenim
771 751 904 828 inutilis
936 755 1096 854 prolecto
1127 767 1194 847 est,

90 889 132 980 si,
173 888 272 988 quod
308 885 404 985 apud
441 884 610 961 Crusium
640 884 697 974 fit,
732 883 850 958 medio
889 884 979 961 libro
1016 888 1192 964 inseritur.

89 1019 333 1122 Quamobrem
358 1016 509 1116 conjicio
534 1015 591 1094 vel
606 1013 843 1106 Milandrum,
867 1017 925 1095 vel
950 1016 1054 1093 aliurn
1072 1045 1193 1118 quem·

84 1152 183 1252 piam
208 1176 254 1225 ex
278 1147 398 1225 Crusii
421 1147 617 1249 discipulis,
644 1156 705 1223 ant
730 1147 869 1238 amicis,
900 1176 1009 1249 quum
1041 1153 1111 1249 jam
1142 1150 1194 1225 di·

84 1282 384 1362 -rendita'essent
400 1280 505 1380 bujus
523 1279 750 1380 paraphrasis
770 1281 981 1385 exemplaria
996 1282 1054 1359 vel
1073 1308 1193 1381 quum,

90 1415 188 1515 quod
212 1421 352 1489 erueret
371 1411 570 1512 exemplum
591 1411 753 1486 'nancisei
777 1427 853 1487 non·
871 1424 1010 1512 posset,
1027 1414 1194 1514 impressi
1289 1495 1316 1503 ¹,

86 1547 169 1621 libri
204 1543 447 1648 apographum
485 1543 616 1618 Crusio
653 1543 806 1621 misisse.
854 1543 984 1642 Neque
1021 1545 1090 1619 boc
1120 1544 1192 1623 ullo

88 1678 195 1752 modo
233 1675 464 1778 improbabile
496 1685 562 1750 est
617 1673 804 1773 Siquidem
834 1675 923 1751 Zeni
954 1685 1115 1775 tempore
1147 1677 1192 1749 ob

11 1801 14 1805 ’
88 1820 264 1899 emtorum
293 1808 526 1912 paucitptem,
554 1833 666 1908 pauca
697 1807 805 1882 modo
835 1806 1006 1883 librorum
1038 1807 1192 1883 Graeco·

86 1943 316 2018 barbarorum
340 1939 501 2040 exempla
524 1939 621 2040 typis
638 1937 793 2014 describi
805 1938 978 2030 solebant,
998 1966 1088 2040 quae
1107 1965 1192 2040 spes
1213 2014 1216 2021 ,

13 2104 18 2111 ·
89 2079 180 2161 erat,
204 2072 281 2146 lore
311 2078 354 2148 ut
382 2072 483 2149 brevi
516 2069 809 2146 distraherentur.
864 2070 1055 2146 Praeterea
1084 2057 1202 2148 unius

86 2201 159 2277 diei
183 2202 300 2304 spatio
325 2202 395 2278 boc
420 2229 562 2278 carmen
585 2184 692 2278 manu
717 2201 871 2277 describi
895 2203 1022 2304 potuit.
1052 2202 1191 2278 Idcirco

86 2334 119 2410 si
135 2334 296 2410 ¹Crusiu's
326 2360 400 2408 non
428 2334 558 2409 librum
587 2334 683 2434 typis
716 2334 944 2433 impressum,
975 2332 1041 2408 sed
1070 2359 1191 2409 manu·

86 2467 260 2567 scriptum
286 2466 440 2566 accepit,
472 2465 609 2540 facilius
640 2465 888 2566 intelligimus,
918 2492 983 2541 cur
1012 2465 1083 2539 duo
1115 2465 1190 2540 lere

85 2599 197 2672 millia'
215 2597 416 2698 scripturae
439 2597 662 2686 mendorum,
685 2607 828 2695 praeter
852 2595 941 2671 alios
966 2621 1124 2687 errores,
1152 2597 1190 2675 ln

84 2740 221 2805 textum
246 2727 465 2828 irrepserint.
526 2725 611 2827 Ipse
640 2727 737 2800 cnim'
766 2725 935 2816 Crusius,
960 2727 1023 2827 qui
1052 2726 1189 2827 primus

30 2889 32 2893 ’
85 2859 531 2935 οωῃὶυπι··(ἰειπιαηοτηω
562 2857 833 2962 cognoscendae
855 2857 1066 2934 recentioris
1092 2862 1197 2961 grac-⁴

87 2993 203 3068 citatis
228 2992 421 3092 eupiditate
446 2989 631 3091 flagrabat,
663 2990 730 3066 sed
754 2993 832 3090 ejus
857 3000 1020 3066 accurate
1050 2990 1190 3067 'discen-¹

88 3123 153 3197 dae
179 3123 402 3198 occasionem
425 3147 500 3196 non
523 3122 686 3212 habebat,
711 3123 867 3222 imperiti
890 3122 1023 3198 librarii
1047 3134 1188 3198 errores

85 3254 216 3331 tbllere-
241 3278 316 3362 npn
343 3261 496 3353 poterat.
550 3253 616 3330 Ait
645 3252 790 3355 quidem
821 3253 972 3330 Curius
1002 3255 1039 3328 in
1069 3252 1187 3356 Epist.

48 3465 60 3476 ,
84 3385 314 3476 Dedicatorii
337 3413 372 3486 p.
397 3387 437 3458 5:
462 3384 678 3476 „Neminem
703 3386 809 3461 etiam
832 3386 981 3462 offendit
1004 3386 1188 3485 inhujus·

83 3517 179 3592 modr
204 3517 348 3617 'scriptis
372 3515 564 3592 bodiern'ae
589 3516 793 3618 scriptionis
825 3529 862 3593 et
895 3520 1105 3594 accentuum
1133 3519 1186 3590 iu-

84 3649 189 3739 curia,
216 3674 320 3749 quam
346 3648 391 3722 de
416 3649 592 3724 industria
614 3649 754 3737 retinui,
781 3648 874 3722 sicut
887 3649 925 3721 in
942 3646 1189 3748 Aut‘ograpbis-

84 3791 170 3871 erat,
184 3791 235 3854 ¹ut
259 3789 443 3880 appareat,
467 3791 639 3880 quantum
671 3779 810 3854 differat
839 3780 927 3854 baec
958 3779 1107 3854 Graecia
1139 3780 1183 3854 ab

83 3910 142 3984 illa
167 3908 336 4010 priscu.’''
368 3911 442 3985 sed
466 3892 553 3989 salsa
577 3912 742 4002 retinere,
766 3939 884 4012 nequo
916 3912 1061 4001 docere,
1096 3928 1208 4013 quo'

85 4040 194 4116 modo
213 4039 426 4140 corrigenda
450 4043 536 4130 sint,
558 4055 666 4143 atque
691 4045 838 4143 insuper
854 4055 988 4144 putare,
1006 4048 1182 4145 possets-

85 4172 171 4248 lium
195 4172 482 4272 rerumigriaros
507 4192 551 4246 ex
574 4174 679 4249 falsis*
700 4174 832 4273 aliquid
850 4175 1005 4267 discere,
1029 4194 1100 4250 non
1126 4172 1181 4250 csl

828 4312 940 4378 *****l
