2700 4672
195 151 269 225 141

193 335 285 429 μίγη,
307 364 389 429 quae
410 361 474 408 vox
495 359 634 445 nusum,
661 347 808 406 rostrum
830 339 969 427 denique
991 363 1132 408 acumen
1155 355 1189 408 et
1211 345 1303 427 quid·

194 471 270 554 quid
292 481 426 546 ,acutum
455 477 521 547 est,
550 465 709 548 designat.
764 466 870 541 Quum
898 485 966 530 non
995 468 1124 532 dubium
1145 468 1199 548 sit,
1222 470 1302 549 quin

193 585 276 674 peirn
296 602 329 655 et
350 591 556 671 antiquorum
578 586 706 665 locutio,
720 576 809 668 pitu
830 589 970 670 ejusdem
994 591 1131 674 originis
1146 591 1302 656 vocabula

194 718 262 780 sint
285 714 442 792 habenda,
465 712 582 773 mirum
605 708 746 791 videtur,
774 711 858 791 quod
886 710 982 775 bodie
1010 734 1031 776 a
1061 714 1195 777 Graecis
1222 714 1301 778 sori·

194 852 290 925 ptura
311 825 390 917 μῆτη
413 832 510 896 alteri
531 843 749 919 praeoptatur,
773 833 828 914 qui
849 853 926 897 usus
953 835 1075 915 edocit,
1096 849 1133 899 ut
1154 834 1209 900 hio
1231 825 1301 914 ὀξύ.

194 982 294 1042 ponsa,
323 978 392 1021 non
419 944 563 1036 ὄξῦμωα
590 956 774 1018 scriberem·
818 953 870 1019 De
897 955 1021 1039 reliquo
1044 946 1194 1039 ὄξῦμηνος
1216 948 1303 1022 nihil

195 1095 261 1164 est,¹
277 1082 343 1144 nisi
366 1086 494 1142 aculus.
518 1111 562 1124 -
582 1067 661 1136 ’univ
681 1064 722 1136 sd
741 1067 869 1154 fxorrom
891 1079 913 1142 1.
934 1101 962 1142 e.
986 1071 1076 1139 ὦσᾶν
1096 1063 1137 1140 soi
1158 1067 1301 1154 ἔχουσιν.

175 1179 238 1253 ι-
261 1197 282 1285 ᾗ
303 1191 420 1286 poison
439 1199 543 1287 plebis
565 1219 655 1262 more
676 1218 736 1286 pro
758 1193 794 1258 αἱ
815 1190 921 1282 ydros.
968 1200 1018 1266 Ci-
1034 1203 1108 1267 adn.
1125 1202 1177 1267 ad·
1198 1224 1227 1268 v.
1248 1201 1299 1268 14.

328 1326 371 1388 V.
397 1321 473 1390 457.
518 1308 619 1397 bonos
639 1320 838 1417 populariter
859 1345 919 1410 pro
941 1308 1034 1398 ἦσαν.

327 1447 372 1512 V.
394 1443 469 1512 458.
516 1431 651 1506 inomao
672 1445 694 1507 i.
717 1466 744 1508 6.
767 1431 970 1507 6666661666-
991 1436 1128 1509 admoto
1148 1449 1171 1512 i.
1195 1469 1224 1532 q.
1247 1437 1299 1510 soti·

194 1592 315 1636 πωυσι.

326 1693 371 1756 V.
394 1689 469 1757 459.
514 1688 612 1771 νῶμοι
644 1686 806 1754 homeri..
846 1692 924 1755 Vid.
966 1694 1221 1758 observationem
1259 1694 1307 1759 od*

142 1887 148 1898 Ι
193 1839 273 1884 vem.
300 1815 375 1882 150.
397 1849 440 1862 -
463 1805 623 1894 ἔλάμπασι
644 1815 666 1876 i.
689 1836 717 1877 e.
747 1801 893 1896 ἕλαμπαν
913 1813 964 1879 vel
979 1802 1129 1896 idapem.
1156 1850 1196 1863 —
1216 1815 1299 1877 σιδε.

194 1932 342 2023 popedon,
375 1938 505 2019 antique
536 1929 788 2017 σεσιδηρωμένοι.
847 1938 1063 2002 Mutationem
1092 1937 1149 2000 roi>
1173 1963 1194 2015 η
1220 1940 1258 2004 in
1284 1960 1299 1998 ε

194 2062 336 2125 Doribus
358 2058 574 2141 Aeolibusque
596 2061 710 2124 tribuit
731 2059 871 2124 Ioannes
894 2060 1130 2128 Grammaticus
1152 2081 1203 2150 ap.
1221 2062 1298 2128 Cra·

195 2184 301 2249 taudr.
322 2179 403 2246 Lex.
427 2182 482 2244 Gr.
506 2183 641 2268 append.
663 2203 693 2270 p.
717 2182 769 2247 91.

237 2278 238 2281 ‘
325 2305 368 2372 v,
392 2301 467 2370 too.
513 2294 575 2364 un
601 2299 715 2386 μακρὰ
736 2307 775 2369 n.
799 2308 840 2371 ..r
867 2317 950 2371 ors.
978 2305 1054 2373 379.
1083 2341 1128 2358 -
1156 2300 1298 2387 aaaron.

194 2447 255 2490 rav
275 2425 527 2516 iorma'plebejtr
547 2448 607 2515 pro
629 2409 803 2506 ἐφαίνοντο.
827 2463 871 2477 -
893 2417 946 2489 εἶν’
970 2431 992 2495 1.
1015 2453 1043 2494 6.
1066 2418 1155 2498 εἶναι.
1177 2464 1222 2479 --
1245 2424 1297 2514 ἄρ.

195 2545 375 2635 μανωμέυοι
396 2545 538 2614 armati.
583 2548 661 2614 Vid.
684 2552 759 2616 adn.
781 2553 823 2618 ud
845 2573 926 2618 vm.
949 2550 1025 2618 296.

327 2675 370 2738 V.
394 2671 469 2738 461.
513 2664 632 2779 64661666
652 2672 747 2756 λογῆς
769 2675 911 2764 explicui
932 2697 1012 2741 vers.
1038 2672 1110 2741 148.
1134 2711 1178 2724 -
1200 2664 1299 2760 παρά.

195 2804 283 2878 ξενος
303 2818 325 2862 a
346 2796 577 2860 recentioribus
600 2796 781 2883 appellatur
808 2795 982 2875 insolitus,
1010 2796 1173 2876 insolens,
1194 2796 1297 2865 rrriru·

195 2918 284 2997 bitis,
305 2916 421 2994 mirus,
444 2915 583 2984 monstri
604 2916 736 2995 siruilis,
758 2931 996 2986 monstruosus.
1068 2931 1069 2934 ’

240 3078 247 3091 ·
325 3041 368 3106 V.
390 3039 466 3107 462.
489 3016 624 3120 'dnoion
657 3043 753 3128 vulgo
785 3042 849 3109 hoe
879 3065 977 3110 sensu
1008 3039 1038 3106 οἱ
1061 3038 1168 3108 ὁποῖοι.
1212 3045 1300 3113 Vide

195 3187 276 3250 quae
297 3167 408 3232 notavi
429 3167 574 3232 advers.
598 3163 629 3230 6.

312 3287 370 3352 .V.
393 3285 469 3353 464.
513 3278 636 3366 πέφναν
663 3290 686 3355 1.
708 3312 735 3354 6.
758 3277 910 3370 intorno,
936 3291 1020 3373 quod
1046 3291 1189 3380 explicui
1215 3312 1299 3358 vers.

194 3408 271 3477 446.
317 3409 489 3475 Caeterum
510 3411 701 3477 Atticismus
722 3411 790 3487 ille,
813 3430 875 3493 quo
897 3411 1030 3475 nomina
1051 3425 1165 3476 neutra
1190 3413 1300 3501 plura.

195 3534 273 3598 liter
299 3520 468 3598 enuntiato
498 3552 569 3597 oum
596 3531 702 3596 verbis
729 3529 939 3616 singulariter
960 3533 1124 3619 expressis
1146 3536 1299 3622 copulan.

195 3667 260 3737 tur,
282 3658 511 3722 recentioribus
533 3627 683 3734 Graecis,
712 3666 749 3719 ut
765 3657 838 3739 jam
858 3676 958 3744 supra
985 3657 1026 3720 ad
1054 3677 1135 3721 vers.
1160 3656 1204 3724 60
1231 3680 1299 3726 mo·

193 3781 332 3860 unimus,
355 3781 487 3864 ignotus
509 3787 568 3840 est.
619 3778 743 3854 Quodsi
770 3778 845 3842 illos
873 3791 1000 3843 tantum
1027 3781 1217 3868 scriptores,
1244 3784 1299 3866 qui

195 3904 287 3968 attici
308 3901 468 3968 sermonis
490 3910 523 3964 et
544 3909 632 3963 recte
653 3899 805 3982 loquendi
827 3921 943 3967 norma
965 3905 1005 3968 ab
1033 3904 1175 3987 antiquis
1202 3902 1298 3970 habe-

193 4027 321 4106 bantur,
343 4023 525 4105 Platonem,
546 4003 798 4112 Xenophontem
820 4023 964 4109 aliosque
986 4038 1063 4091 ante
1076 4027 1300 4094 Alexandrum

194 4147 354 4232 Magnum
375 4143 461 4218 bone
487 4167 580 4219 usum
601 4160 755 4238 perpetuo
780 4150 965 4218 observasse
993 4162 1135 4234 constat,
1163 4148 1226 4217 boo
1253 4163 1300 4217 ta·

1148 4328 1156 4340 .
1223 4294 1301 4342 men
