2700 4672
154 213 237 264 nvn!

154 383 193 457 iu
223 378 361 482 vulgari
391 377 511 478 lingua
543 373 734 450 fundatae·
770 372 941 474 Quod-si
971 374 1144 466 lacerem,
1175 380 1268 454 scie-

155 515 239 588 bam
261 512 349 603 sore,
374 520 415 587 ut
439 509 521 585 libri
544 507 658 582 moles
684 505 789 583 valde
814 519 1047 583 accresceret.
1080 508 1186 585 Duae
1206 539 1268 588 au-

155 656 229 722 tem
260 643 404 719 luerunt
435 638 596 717 mutandi
627 639 769 714 consilii
799 666 939 716 causae.
993 639 1136 732 Altera,
1168 646 1267 744 quod

155 777 242 851 mibi
267 773 491 877 bibliopolae,
516 771 763 848 honestissimi
780 772 858 862 viri,
883 772 974 848 ratio
997 772 1162 849 habenda
1178 787 1266 866 erat,

158 909 220 1011 qui
244 909 373 983 librum
399 907 546 1008 exiguae
570 904 674 980 molis
700 930 783 980 esse
806 904 960 981 volebat.
1006 906 1142 997 Altera,
1168 911 1266 1008 quod

157 1067 269 1143 quum
299 1040 404 1142 pauci
434 1040 543 1114 etiam
565 1064 662 1112 nunc
693 1038 784 1127 sint,
821 1037 884 1139 qui
913 1040 1050 1113 recenti
1082 1040 1267 1141 graecitati

157 1199 303 1276 operam
328 1171 424 1261 dent,
448 1171 569 1272 plures
594 1167 835 1270 intelligebam
858 1167 1015 1260 futuros,
1047 1171 1171 1271 quiin
1196 1171 1266 1248 hoc

157 1303 424 1381 Commentario
449 1329 509 1379 res
532 1311 637 1377 notas
663 1311 701 1375 et
723 1300 857 1391 faciles,
878 1328 984 1402 quam
997 1303 1060 1404 qui
1073 1304 1214 1402 ignotas
1228 1315 1266 1380 et

158 1435 320 1512 difficiles
345 1436 416 1511 sibi
441 1434 571 1536 exponi
595 1432 738 1513 vellent
797 1433 1031 1535 Quapropter
1062 1435 1116 1510 sic
1149 1437 1267 1538 explan

157 1567 241 1646 nari
265 1592 408 1642 carmen
431 1567 646 1657 Zenianum,
668 1574 778 1661 ntea
803 1565 921 1640 omnia
943 1567 983 1640 in
1014 1566 1145 1667 quibus
1177 1570 1266 1643 anti-

159 1701 223 1802 qui
246 1700 423 1776 sermonis
448 1701 564 1802 gnari,
588 1697 801 1774 recentioris
825 1709 945 1773 autem
976 1699 1091 1801 ignari
1120 1700 1266 1775 haerere

158 1842 319 1934 possent,
345 1832 504 1910 breviter
527 1830 750 1907 illustrarem.
804 1831 849 1906 In
874 1857 947 1932 quo
971 1833 1118 1930 negotio
1143 1858 1268 1933 snper·

158 1964 287 2040 sedere
312 1973 474 2066 poteram
496 1962 555 2042 vel
578 1964 759 2066 Ducangii
784 1963 1026 2056 Glossarium,
1055 1962 1114 2041 rel
1138 1963 1266 2041 Corais

158 2123 278 2198 opera,
301 2095 360 2174 rel
383 2096 622 2172 recentiorum
647 2098 870 2200 quorundam
894 2097 1203 2200 grammaticorum
1226 2097 1267 2171 li-

157 2227 272 2303 bellos
297 2227 418 2302 citare.
467 2226 658 2331 Quidquid
682 2231 776 2304 enim
801 2228 876 2302 dixi
898 2231 950 2304 ita
973 2240 1112 2304 certum
1136 2239 1203 2317 est,
1226 2240 1268 2303 nt

157 2356 288 2435 nullius
313 2360 521 2436 testimonio
547 2371 661 2463 egeat
708 2361 785 2436 Sed
803 2389 915 2460 quum
932 2388 1039 2461 quam
1057 2359 1268 2437 breuissime

158 2490 277 2565 omnia
306 2500 459 2566 tractare
489 2491 578 2567 mihi
607 2493 830 2594 propositum
867 2503 982 2581 esset,
1017 2516 1170 2565 necesse
1199 2491 1269 2566 suit

158 2648 417 2724 saepenumero
441 2623 592 2699 aliorum
620 2622 734 2698 libros
758 2621 923 2725 allegare,
954 2633 996 2697 ut
1023 2621 1180 2698 lectores
1205 2622 1268 2695 ad·

157 2781 350 2846 monerem,
373 2754 436 2830 ubi
460 2756 562 2856 plura
586 2754 633 2829 de
656 2766 885 2854 argumento,
909 2753 956 2826 de
981 2779 1054 2852 quo
1077 2754 1172 2828 sorte
1196 2757 1269 2857 agi·

157 2898 227 2979 tur,
251 2887 348 2964 dicta
372 2896 506 2964 essent
544 2885 657 2985 Quod
680 2911 755 2959 non
779 2911 824 2958 eo
849 2883 941 2974 dico,
967 2912 1040 2985 quo
1059 2886 1268 2985 significem,

158 3021 345 3122 scriptoris
369 3046 391 3094 a
413 3043 473 3093 me
497 3019 641 3092 excitati
664 3017 897 3107 sententiam,
927 2990 992 3092 itaN
1007 3018 1096 3091 milri
1125 3044 1269 3120 semper

157 3152 320 3253 probari,
350 3162 392 3227 ut
414 3175 483 3225 nec
508 3149 607 3251 quod
631 3149 778 3239 addam,
810 3175 879 3223 nec
904 3150 1003 3252 qnod
1027 3150 1183 3242 demam,
1206 3178 1269 3225 ue-

159 3308 232 3383 que
256 3282 420 3371 omnino,
445 3283 545 3382 quod
575 3283 752 3386 corrigam
783 3308 866 3357 esse
898 3283 987 3356 mibi
1015 3283 1156 3359 rideam
1185 3284 1269 3357 reli-

158 3422 267 3489 etum
321 3411 437 3486 Immo
460 3413 613 3514 plurima
637 3427 725 3492 sunt
747 3413 819 3491 illis
849 3415 941 3518 ipsis
969 3414 1168 3513 Ducangii,
1196 3412 1269 3490 Co-

158 3543 231 3618 rais
257 3540 480 3646 aliorumque
503 3545 604 3638 locis,
629 3548 675 3622 ad
700 3574 792 3650 quos
809 3546 963 3621 lectores
980 3545 1147 3647 relegari,
1172 3573 1266 3644 qnae

157 3676 337 3778 corrigere
361 3680 572 3777 potuissem,
596 3681 629 3756 si
653 3681 693 3754 in
716 3680 786 3755 boc
811 3679 996 3775 brevitatis
1020 3677 1142 3754 studio
1165 3676 1270 3752 resel-

156 3806 274 3884 lendis
304 3807 455 3884 aliorum
486 3813 667 3887 erroribus
697 3837 825 3888 vacare
854 3811 1028 3885 licuisset.
1082 3809 1269 3887 Interdum

156 3940 253 4015 enim
277 3967 329 4033 ea,
354 3943 392 4017 in
416 3944 549 4044 quibus
573 3945 635 4020 isb'
657 3948 864 4044 peccand,
886 3941 1064 4040 ejusmodi
1093 3954 1196 4029 sunt,
1227 3952 1268 4016 ut

157 4071 324 4150 uberiore
347 4074 592 4177 disputatione
614 4101 708 4177 opus
732 4074 793 4165 sit,
815 4100 889 4175 qna
913 4073 1124 4162 lectoribnS‚
1147 4071 1269 4171 wlga-

155 4205 207 4282 ris
231 4206 373 4310 linguae
396 4207 557 4283 nondum
579 4208 723 4308 peritiS,
752 4205 834 4283 illos
857 4205 980 4307 lapsos
1009 4231 1093 4281 esse
1121 4229 1269 4305 persna-
