2700 4672
1137 209 1197 261 uu

76 376 205 478 Quod
229 374 275 450 ad
297 373 460 452 vertendi
484 374 658 449 rationem
683 374 819 464 attinet,
846 401 915 474 qua
931 377 1083 455 Crusius
1107 406 1196 458 usus

91 519 159 600 est,
184 508 259 582 lere
285 510 402 582 omnia
427 506 638 585 adverbum
662 505 860 596 transtulit,
892 507 946 582 sic
961 519 1017 582 ··ut
1046 510 1197 611 plurima

90 642 164 714 non
198 639 287 717 satis
313 639 432 714 latine
468 637 712 721 redderentur.
761 636 882 735 Quam
912 647 988 714 rem
1018 641 1055 714 in
1079 640 1195 744 Epist

79 770 253 846 Dedicat.
278 799 314 873 p.
339 775 361 845 5
387 771 437 845 ait
461 797 482 843 a
505 769 647 844 nemine
672 795 788 867 aequo
806 768 940 873 lectore
956 771 1206 873 improbatum„

87 901 287 1003 iri,<qu0d
324 902 518 1002 legentium
555 900 780 975 commodum
816 900 933 977 solum
969 908 1194 1002 spectaverit
1311 988 1313 994 Α

88 1035 269 1134 Equidem
293 1033 362 1108 hoc
385 1035 530 1145 nornine
553 1059 628 1106 non
651 1032 1024 1137 vitupero'Crusium,
1050 1018 1132 1135 quia
1156 1039 1195 1112 in

87 1166 294 1267 interprete,
321 1167 383 1266 qui
408 1165 454 1239 ad
478 1165 745 1264 intelligendmn
765 1163 1001 1264 archetypum
1018 1165 1097 1243 aliis
1114 1143 1195 1269 pro·

88 1297 195 1374 desse
219 1298 306 1388 vult,
331 1300 444 1406 prima
468 1298 582 1374 virtus
607 1323 681 1371 non
706 1296 879 1398 elegantia
909 1293 976 1372 sed
1005 1295 1096 1375 fides
1111 1311 1195 1397 (εἰς

14 1522 17 1527 p
87 1426 126 1506 at
148 1430 213 1504 ubi
234 1429 334 1504 nulla
354 1440 431 1505 erat
445 1429 594 1504 barbare
612 1427 788 1528 loquendi·
798 1428 1006 1519 necessitas,
1023 1429 1078 1503 ibt
1089 1431 1195 1515 etiam

86 1562 213 1640 virum.
226 1561 359 1660 alioqui
377 1560 567 1636 'latinitatis
593 1586 666 1635 non
682 1559 853 1661 ignarum,
869 1560 1019 1634 barbare
1034 1559 1194 1637 locutum

87 1692 313 1768 esse-miror.
338 1688 340 1694 ’
362 1691 532 1791 Denique
556 1691 706 1767 Crusius
735 1693 868 1792 paucas
897 1689 1069 1789 quasdam
1086 1691 1195 1768 adna-
1243 1721 1247 1727 ’
1288 1685 1294 1700 “

88 1825 253 1915 tationes,
280 1823 524 1924 explicationis
545 1824 675 1925 gratia,
702 1823 801 1922 operi
825 1817 991 1898 Zeniano*
1015 1823 1193 1916 adnexuit,

86 1982 176 2056 quas
212 1982 287 2030 non
320 1956 438 2057 magni
474 1956 580 2056 pretii
614 1981 711 2046 esse,
745 1955 806 2032 'vix
829 1964 887 2030 est
911 1953 1011 2054 quod
1034 1955 1192 2031 doceam.

86 2087 216 2162 Crusio
241 2087 280 2159 in
304 2086 443 2161 edendo
469 2112 578 2186 opere
601 2087 759 2161 Zeniano
784 2087 962 2162 successit
984 2082 1066 2161 Joh.
1081 2085 1191 2166 Mich.

84 2218 256 2319 Longius,
280 2218 344 2318 qui
367 2219 407 2304 iu·
429 2228 530 2318 parte
555 2217 666 2292 altera
690 2217 920 2320 Plrilologiae.
934 2217 1193 2322 Barbarograe·

85 2377 159 2441 cae,
191 2359 234 2424 ut
270 2349 350 2449 ipse
370 2348 482 2438 dicit,
516 2358 668 2438 textum,
692 2350 870 2440 carminis,
906 2348 1051 2448 qualem,
1072 2347 1193 2427 Crusii

85 2482 345 2585 Turcograecia
368 2458 534 2581 praebet,
559 2468 640 2556 'cum
665 2482 741 2578 ejus
766 2478 998 2555 translatione
1021 2480 1131 2556 latina
1155 2459 1198 2560 et'

22 2653 28 2664 ·
85 2612 373 2688 adnotationibus
398 2611 553 2712 repetiit
602 2609 817 2686 Attanum
842 2612 955 2701 abest,
972 2620 1014 2685 ut
1030 2611 1190 2713 Largius

83 2744 171 2818 nihil
194 2743 266 2818 nisi
290 2742 360 2819 hoc
383 2742 523 2832 fecerit,
542 2751 583 2816 ut
606 2742 715 2819 variis
739 2741 827 2816 locis
858 2740 1070 2816 mendosum
1086 2741 1191 2818 'Cru-

84 2876 130 2950 sii
156 2878 302 2950 textum
336 2875 446 2950 tacite
470 2874 661 2976 ,corrigere
699 2873 901 2951 tentaverit
950 2872 1054 2973 Quin
1072 2875 1191 2953 ,etium

83 2983 352 3082 translationem
375 3006 533 3097 latinam,
555 3029 770 3106 quamquam
795 3005 982 3081 rarissime
1006 3015 1045 3081 et
1073 3005 1111 3080 in
1135 3033 1190 3083 re-

35 3147 38 3152 ’
83 3139 151 3213 hus
173 3140 279 3239 parri
302 3138 484 3226 momenti,
508 3137 669 3214 mutavit.
717 3137 802 3213 Non
819 3137 1190 3213 tamenonmes'Lan‘-

84 3269 133 3372 gii
158 3266 424 3343 emendationes
450 3267 689 3343 admittendae
714 3273 808 3360 sunt,
834 3269 967 3370 quippe
986 3269 1192 3370 quivparnrn
1304 3351 1308 3355 ,

82 3402 246 3477 novisset
269 3401 450 3503 vulgarem
466 3402 731 3501 ‚graedtatems
766 3401 878 3499 Cujus
895 3399 949 3476 r'ei
971 3399 1131 3503 exempla
1144 3427 1191 3476 err·

82 3533 172 3607 meis
191 3571 192 3574 ¹
210 3531 343 3608 criticis
378 3531 667 3607 adnotationibus
700 3532 777 3632 peti
812 3542 974 3633 possunt.
1028 3533 1188 3631 Longius

83 3665 386 3740 Commentarium
410 3689 483 3738 non
508 3663 663 3764 scripsit,
687 3689 808 3763 neque
830 3663 869 3736 in
892 3661 989 3737 notis
1002 3660 1189 3739 Crusianis

84 3795 279 3895 quidquam
302 3793 539 3898 interpolavit
593 3795 738 3870 Tertius
768 3793 875 3893 hujus
908 3793 1084 3891 poematis
1116 3794 1190 3869 edi-

82 3938 141 4002 tor
165 3924 232 3998 luit
254 3925 428 4026 llgenius,
453 3927 576 4028 quiin
601 3927 823 4028 Hymuorum
847 3924 1118 4001 Homericorum
1151 3939 1189 4003 et

83 4055 503 4155 Batrachomyomaclriae
528 4059 719 4134 editionem
743 4058 836 4137 hanc
861 4070 1006 4159 quoque
1023 4059 1114 4133 Zoni
1127 4086 1190 4160 pa·.

83 4187 269 4290 raphrasin
292 4187 474 4268 Ranarru'n
499 4199 535 4266 et
559 4189 717 4266 Murium
741 4217 881 4296 pugnae
905 4191 1050 4292 recepit.
1086 4190 1189 4269 Orni-
