2700 4672
1179 176 1247 304 mo

143 419 268 505 ellipsis
289 417 431 485 nominis
453 408 555 501 πληγὴ
571 438 638 484 non
656 440 782 507 semper
794 422 941 504 quadrat,
955 425 1111 509 siquidem
1127 427 1244 495 Graeci

141 543 337 606 recentiores
366 542 505 629 simplex
535 546 665 612 verbum
691 546 740 608 sic
768 567 888 631 ponere
915 561 1149 614 consueverunt
1176 571 1242 615 non

125 643 305 730 -solum'de
327 667 509 730 verberibus
531 665 712 748 loquentes,
735 686 817 746 quae
838 672 909 749 quis
931 690 1028 734 manu
1050 683 1107 736 aut
1128 673 1241 738 baculo

139 787 235 853 alteri
262 786 398 871 infligit,
430 789 487 851 scd
514 789 612 852 ctiam
640 789 679 851 dc
707 789 862 870 telorum,
896 792 1037 879 lapidum
1064 794 1241 859 aliarumve

138 931 246 973 rerum
270 913 427 994 conjectu.
474 909 525 973 cf.
547 931 628 974 vers.
652 909 727 976 399.
778 912 819 976 In
847 912 900 976 his
923 918 1067 979 omnibus
1089 917 1240 1001 loquendi

137 1035 308 1116 generibus
330 1032 415 1096 nihil
428 1032 687 1143 'subaudiendum
709 1045 767 1096 est·
819 1033 982 1100 Similiter
1004 1056 1080 1100 nos:
1110 1017 1239 1126 ergab

134 1152 204 1220 itm
225 1154 306 1220 eins.
351 1154 430 1220 Alia
446 1156 531 1220 ratio
553 1169 604 1220 est
625 1157 690 1220 loci
712 1156 888 1240 Aeschylci
912 1159 1028 1242 Agam.
1049 1157 1150 1226 1393:

309 1271 392 1338 oraim
414 1270 454 1337 δέ
472 1299 522 1336 νιν
543 1271 602 1347 δίς·
625 1272 689 1339 κάν
709 1280 800 1340 δυοῖν
821 1270 1024 1362 οἰμώγμασιν
1100 1322 1101 1325 =

306 1396 448 1480 μεθῆκεν
470 1390 570 1460 αὐτοῦ
590 1398 693 1461 κῶλα·
716 1392 773 1462 καὶ
794 1393 960 1462 πεπτωκότι

127 1610 132 1613 ‚
305 1514 407 1604 τρίτην
428 1513 612 1601 ἐπενδίδωμι

133 1649 187 1711 ubi
214 1648 255 1709 ob
285 1666 393 1709 vocem
420 1634 522 1724 τρίτην
548 1665 667 1708 nomen
694 1635 817 1726 πληγὴν
845 1646 881 1709 in
907 1647 1003 1710 verbo
1031 1640 1114 1706 παίω
1136 1647 1237 1714 latero

132 1789 232 1851 eoque
253 1769 345 1851 quasi
366 1767 505 1831 latenter
527 1768 593 1831 dici
615 1779 703 1832 recte
733 1769 848 1832 statuit
875 1768 1081 1839 Hermannus
1110 1772 1145 1832 in
1174 1773 1237 1836 dis-

131 1892 306 1956 sertatione
330 1890 368 1954 de
391 1890 498 1976 ellipsi
521 1903 554 1956 et
575 1890 762 1978 pleonasmo
786 1890 822 1953 in
844 1890 957 1974 lingua
980 1912 1097 1976 graeca
1116 1893 1235 1979 Opusc.

130 2014 223 2080 Tom.
249 2015 268 2078 Ι
300 2034 374 2101 peg.
406 2012 480 2078 152.
515 2048 557 2062 -
589 2005 765 2090 ξεκοίλιασε
793 2015 831 2076 ob
859 2016 1022 2096 synizesin
1045 2026 1078 2078 et
1100 2027 1237 2078 metrum

129 2157 188 2224 pro
216 2128 399 2212 ξεκοιλίασε.
430 2122 589 2198 vVerbum
611 2097 802 2211 ξεκονῖἶάζω,
823 2155 883 2230 pro
907 2156 968 2216 quo
990 2148 1113 2201 veteres
1136 2132 1236 2198 ἐκκοι.

129 2246 226 2333 λιάζω
248 2219 412 2338 dirimunt,
436 2258 580 2320 continet
601 2258 872 2342 praepositionem
901 2251 933 2333 ἐξ
955 2259 1082 2321 inverso
1111 2259 1235 2323 littera·

128 2400 200 2444 rum
230 2382 352 2444 ordine.
403 2378 480 2442 vid.
510 2379 551 2442 ad
578 2398 659 2442 vers.
691 2376 767 2442 125.
816 2378 912 2441 Vetti
941 2379 1033 2441 debet
1054 2369 1234 2457 ξεκοιλιάζω

127 2500 289 2578 eviscero,
310 2510 484 2574 exentera,
507 2498 640 2564 viscere
664 2495 829 2575 extr-olm,
851 2495 1014 2563 intestine
1037 2498 1188 2589 effando.

115 2689 117 2692 Α
258 2624 302 2687 V.
326 2622 401 2688 363.
447 2611 564 2682 ἔπεσαν
590 2623 613 2687 i.
636 2645 663 2685 c.
691 2608 811 2683 ἔπεσον.
867 2621 931 2685 Hic
966 2623 1105 2684 norisius
1121 2609 1233 2692 ,ἔπειτα

119 2753 191 2834 jam
214 2750 378 2836 invenitor
399 2768 450 2833 ap.
473 2746 584 2831 Eurip.
608 2746 731 2808 Tmad,
751 2743 813 2809 ‘291
845 2756 878 2807 et
906 2742 1030 2808 Alcest.
1055 2712 1129 2807 471.
1183 2744 1233 2808 ct.

124 2873 246 2936 Buttm.
269 2871 411 2935 Gramm.
434 2868 582 2955 amplior.
605 2869 697 2932 Tom.
718 2868 753 2931 ΙΙ
775 2887 849 2953 pag.
873 2864 937 2931 217
960 2886 1047 2947 seqq.
1092 2864 1231 2952 Saepius
1287 2896 1289 2900 ·

124 3006 231 3058 exstat
259 2995 295 3056 in
322 2995 551 3079 posteriorum,
581 2992 741 3077 imprimis
769 2989 1065 3055 Alexandrinorum
1088 2989 1228 3074 scriptis.

123 3116 201 3181 vid.
224 3115 362 3180 Lobeck.
386 3117 428 3178 ad
450 3114 573 3196 Phryn.
597 3135 626 3199 p.
652 3110 726 3178 724.
749 3147 793 3161 -
822 3101 945 3192 κάμον,
967 3111 1098 3192 antique
1120 3101 1232 3189 χαμαί

122 3233 225 3300 humi.
271 3235 440 3300 Caeterum
462 3238 558 3299 verba
580 3223 693 3316 χάμου
715 3224 880 3312 §goritiae
902 3253 969 3297 non
991 3233 1033 3297 ed
1056 3220 1164 3314 ἔντερα
1178 3252 1227 3295 rc-

110 3361 254 3428 ,terendo
275 3371 360 3439 sunt,
383 3359 458 3440 quia
481 3357 535 3421 hic
561 3357 765 3438 Atticismus‚
788 3377 850 3440 quo
872 3368 988 3420 neutra
1010 3356 1146 3442 pluralis
1169 3374 1225 3417 nu-

121 3485 204 3548 meri
224 3484 496 3575 substantivorum
519 3502 591 3545 cum
612 3483 717 3545 verbis
738 3480 950 3562 singulariter
971 3479 1151 3540 enunciatis
1174 3497 1224 3538 co-

120 3605 291 3694 pulantur,
305 3605 401 3686 vulgo
424 3603 519 3667 hodie
540 3606 670 3686 ignotus
692 3612 751 3679 est,
774 3600 831 3695 sed
852 3603 1030 3680 subjectum
1047 3619 1065 3660 e
1080 3598 1224 3681 superio-

119 3729 208 3793 ribus
240 3727 461 3791 asciscendum
493 3737 543 3787 est
574 3720 812 3786 Limnocharis.
868 3719 981 3800 Itaque
1014 3718 1094 3783 haec
1127 3721 1223 3781 verba

120 3850 254 3915 Clusius
276 3849 360 3913 male
382 3849 611 3934 interpretatus
633 3852 737 3909 estet
760 3838 853 3907 humi
868 3862 1028 3930 expansa
1046 3850 1121 3906 aunt
1127 3865 1136 3922 3
1150 3860 1222 3902 sen-

120 3993 174 4037 sus
197 3972 284 4036 enim
305 3983 370 4034 est:
397 3966 638 4033 Limnccheris
660 3964 752 4032 hermi
773 3974 933 4032 extensus
955 3973 1015 4030 est.
1070 3963 1221 4029 Similem

119 4099 189 4181 eJ'us
211 4113 353 4159 errorem
375 4093 484 4156 notavi
507 4094 548 4156 ad
569 4114 649 4157 vers.
671 4090 725 4157 60.

252 4216 295 4280 V.
318 4211 393 4282 364.
446 4207 622 4278 ἐκοκκίνισε
649 4209 774 4280 rubuit.
829 4215 936 4290 Quum
964 4212 1050 4276 enim
1076 4199 1220 4277 κόκκινος
