2700 4672
1098 221 1170 272 XLV

63 394 102 466 in
133 387 414 490 Tarcograeeiae
444 387 522 461 libr.
547 385 600 464 VI
632 413 711 488 pag.
736 388 807 461 372
839 387 1023 485 (Basileae
1053 392 1167 488 1584)

63 523 119 599 bis
145 523 263 629 verbis
287 531 409 596 utens:
435 519 637 611 „Demetrii
657 518 763 618 hujus
781 519 871 593 Zeni
888 547 1000 622 opera⁴
1020 531 1058 597 et
1082 521 1168 596 dex-

62 655 205 730 teritate
231 679 382 729 excusus
408 663 466 729 cst
490 652 653 728 Venetiis
676 644 920 751 Ἀλέξανδρος
942 653 1176 730 ὁΜακεὸὢν

63 764 175 884 (lilter
199 785 244 859 de
271 785 462 860 Alexandri
487 783 538 860 M.
565 785 672 858 rebus
699 784 822 882 gestis,
848 782 1023 860 Versibus
1049 785 1166 885 politi-

63 918 138 1009 cis)
165 943 257 991 anno
290 919 404 1002 1529,
437 941 544 1015 quem
576 915 661 988 mibi
694 917 740 987 10
770 913 859 1014 Maji
892 915 986 988 1564
1016 916 1164 993 Patavio
1305 952 1308 959 ·

61 1048 262 1148 Tybingam
295 1047 346 1122 Μ.
377 1045 617 1148 Engelbertus
649 1042 829 1120 lllilander
858 1044 993 1120 misit’'
1047 1047 1164 1147 Hujus

60 1180 106 1253 de
125 1179 325 1255 Alexandro
342 1178 541 1254 Macedone
565 1177 645 1252 libri
662 1176 871 1278 exemplum,
897 1177 994 1278 quod
1013 1177 1165 1256 Cresius

59 1290 282 1413 possederat,
312 1311 351 1383 in
381 1307 595 1384 Academica
626 1308 834 1383 Halensium
864 1309 1079 1385 bibliotheca
1107 1337 1165 1387 as-

59 1442 204 1532 servari,
236 1443 406 1517 certiores
436 1467 504 1517 nos
528 1441 664 1516 faciunt
686 1439 739 1514 Μ.
768 1440 849 1515 Joh.
879 1440 1164 1521 Tribbechnvius

58 1575 96 1647 in
120 1573 233 1648 Elem.
258 1573 339 1676 ling.
367 1600 417 1681 gr.
441 1573 536 1674 vulg.
566 1572 722 1646 Dissert.
754 1571 860 1672 prael.
891 1573 909 1672 ξ
935 1575 984 1646 24
1014 1583 1052 1648 et
1080 1573 1163 1648 ton

58 1705 168 1782 lllieh.
200 1707 358 1808 Longius
390 1705 428 1778 in
458 1703 728 1779 Introductione
766 1702 812 1777 ad
841 1704 970 1805 poesin
999 1705 1165 1780 barbaro-

59 1864 230 1940 graeeam,
255 1864 347 1938 quae
372 1845 492 1911 exstat
515 1837 553 1909 in
578 1834 753 1938 Philolog.
775 1834 1048 1939 Barbarograec.
1074 1847 1164 1938 part.

58 1971 167 2044 altera
191 1998 224 2071 p.
248 1972 306 2042 23.
336 1969 503 2070 Uterque
528 1967 635 2058 addit,
660 1967 729 2042 hoc
753 1969 954 2069 exemplum
979 1970 1163 2070 perpetuis
1234 1998 1239 2018 ¹

58 2101 179 2177 Crusii
197 2101 483 2175 adnotationibus
503 2109 665 2174 ornatum
683 2126 775 2176 esse.
793 2098 904 2200 Quod
916 2100 961 2174 ad
973 2101 1164 2204 paraphra·
1199 2101 1201 2105 ’

57 2235 116 2309 sin
136 2231 554 2332 Batrachomyomachiae
579 2231 715 2322 attinet,
742 2258 833 2332 quae
857 2231 1021 2309 versibus
1045 2234 1164 2334 politi-

57 2365 111 2440 cis
153 2365 272 2463 iisque
308 2362 605 2469 homoeoteleutis
649 2364 847 2464 composita
884 2375 951 2455 est,
994 2391 1068 2439 non
1104 2393 1162 2440 ae·

57 2497 147 2572 cedo
185 2495 393 2572 Clarissimo
425 2494 638 2571 Thiersebio
677 2495 715 2567 in
758 2497 937 2595 praeclara
975 2495 1021 2571 de
1058 2499 1162 2598 poesi

55 2630 295 2716 recentiorum
342 2628 562 2703 Graecorum
604 2625 855 2700 dissertatione
897 2654 976 2729 pag.
1019 2631 1064 2702 16
1112 2630 1163 2703 ai·

56 2761 223 2853 firmanti,
246 2761 341 2836 bunc
369 2760 507 2834 Zenum
530 2758 681 2859 primum
713 2782 795 2833 esse
826 2758 920 2861 inter
941 2759 1162 2836 recentiores

55 2891 225 2983 Graecos,
264 2893 325 2993 qui
359 2919 486 2971 versus
504 2890 667 2967 similiter
690 2889 859 2966 cadentes
884 2889 1017 2979 lecerit
1066 2891 1161 2968 Nam

55 3024 198 3099 saeculo
224 3025 350 3124 quinto
375 3025 514 3099 decimo
538 3027 608 3123 jam
623 3021 835 3099 Emmanuel
852 3022 1050 3125 Georgillas
1075 3024 1161 3099 sma-

54 3156 125 3230 lem
151 3168 363 3230 concentum
386 3158 550 3234 versibus
575 3156 762 3253 adjecerat.
811 3154 906 3231 Vide
926 3154 1049 3232 Carais
1065 3163 1161 3257 Προ-

54 3287 136 3390 bap.
162 3287 211 3376 εἰς
233 3284 300 3363 τὸν
324 3287 498 3387 δεύτερον
524 3294 599 3363 τῶν
626 3285 819 3363 Ἀνάκτων
849 3288 970 3386 τόμον
1003 3289 1080 3365 neb.
1111 3290 1159 3365 δ’.

55 3418 206 3509 Versus,
224 3420 354 3520 quibus
374 3429 515 3494 constat
530 3418 599 3493 hoe
616 3428 752 3519 poema,
770 3446 789 3493 a
808 3420 957 3495 Graecis
982 3421 1162 3522 appellan-

54 3561 115 3624 tur
138 3549 317 3627 erobr'neol
342 3552 419 3628 sive
444 3550 636 3655 δημοτικοὶ
649 3552 671 3625 i.
690 3579 719 3625 e.
745 3550 934 3651 populares
958 3552 1016 3627 vel
1040 3553 1161 3654 vulga-

54 3708 123 3757 res.
177 3682 318 3785 Nempe
349 3687 419 3782 jam
451 3684 487 3757 in
518 3692 679 3759 veterum
712 3681 856 3781 scriptis
881 3679 1069 3774 πολιτικὸς
1092 3710 1159 3785 pro

54 3808 223 3890 consueto
248 3827 286 3889 et
310 3814 412 3916 oprrd
427 3816 602 3916 populum
616 3817 763 3888 usitato
789 3814 875 3914 poni
892 3813 1051 3890 ostendit
1070 3814 1160 3890 San-

54 3948 173 4020 tenins
186 3946 222 4018 in
237 3946 500 4021 Commentario
512 3948 556 4020 ad
569 3948 823 4022 Terentianum
839 3944 1005 4020 Maurum
1024 3976 1058 4048 p.
1080 3940 1158 4023 tot,

55 4077 223 4176 Quocum
249 4077 401 4151 conferri
425 4086 547 4178 potest
570 4105 659 4154 usus
683 4078 848 4178 adjectivi
867 4079 1039 4178 publicus
1062 4080 1159 4184 apud

56 4208 228 4326 Ovidium
244 4210 334 4286 libro
353 4210 407 4285 lll
425 4207 471 4283 de
495 4220 579 4284 arte·
597 4211 735 4285 amandi
759 4238 792 4287 v.
818 4213 906 4286 480:
