2700 4672
1174 226 1218 298 41

118 415 190 486 crat
212 411 264 498 od,
285 421 342 485 sed
365 440 460 503 quum
488 431 625 504 cognata
648 420 793 483 vocabuli
810 410 876 479 dod
890 419 1087 505 significatio
1103 420 1220 508 populo
1303 425 1307 431 ’

117 546 349 625 obversaretur,
366 547 495 624 omissa,
518 555 553 607 ut
567 564 664 629 saepe
679 544 808 621 sactum,
827 545 935 628 priore
952 544 1054 608 vocali
1070 566 1108 607 eo
1126 546 1220 608 modo

117 679 305 754 usurpatum
327 678 377 730 est
397 658 451 748 od,
476 686 537 748 quo
560 667 741 752 superiores
766 665 907 727 vocalem
925 668 961 728 in
976 669 1065 729 exitu
1079 668 1220 752 positam

117 791 316 873 aincientes‚
333 791 483 852 dixerant
497 773 547 848 ἄν.
578 766 736 873 Exempla
751 788 823 850 vide
836 807 888 872 ap.
903 786 1040 850 Coraern
1049 781 1166 849 ’Araxa
1179 791 1221 857 ΙΙ,
1273 827 1275 830 -

118 909 194 976 256.
238 912 331 975 Raro
353 932 411 997 pro
433 899 480 971 dn
501 911 667 996 accipitur,
691 911 758 973 sive
780 911 846 972 ista
866 909 1025 995 particula
1044 915 1220 995 narrantis,

119 1046 153 1097 et
175 1034 409 1112 contendentis,
432 1033 500 1096 sive
522 1052 650 1095 causam
680 1042 712 1094 et
733 1000 893 1095 rationem
922 1032 1087 1094 afferentis
1111 1045 1169 1096 est.
1193 1056 1221 1096 v.

120 1177 147 1219 c.
170 1147 315 1233 catomo
335 1147 382 1215 ool
405 1142 506 1226 ἔπαθε
527 1145 637 1215 πολλά.
662 1154 711 1218 Cl.
734 1153 893 1240 Paraphr.
917 1175 998 1217 vers.
1022 1151 1097 1218 496.
1120 1154 1223 1219 Deni-

120 1297 180 1360 que
202 1280 241 1342 de
264 1277 434 1364 temporali
455 1279 544 1341 vocis
566 1288 725 1363 potestate
749 1278 787 1338 cl.
813 1254 949 1340 Coraem
970 1276 992 1338 l.
1011 1276 1031 1338 l.
1055 1298 1129 1363 pag.
1148 1276 1222 1342 957.

250 1393 365 1470 τίποτες
378 1419 555 1486 pronomen
567 1397 770 1461 indefinitum
781 1393 925 1480 αῖίᾳιιίᾰ,
934 1396 1121 1484 quidpiam,
1129 1398 1224 1487 quid·

121 1543 235 1608 qurum,
253 1523 421 1616 quodcum
443 1523 615 1605 negatione
637 1510 691 1579 dlv
713 1525 918 1604 conjunctum
942 1522 1106 1604 significat
1126 1519 1223 1585 nibil.
1324 1585 1333 1604 s

120 1645 225 1708 Hodie
242 1645 359 1708 Gracci
381 1645 492 1708 dicunt
513 1635 623 1719 cinere,
645 1663 833 1725 quamquam
857 1643 972 1726 vulgus
994 1644 1114 1708 formas
1136 1646 1221 1709 Aeo-

121 1767 202 1830 licus
224 1759 331 1826 n'ooro
359 1779 392 1831 et
414 1759 537 1836 πέπονας
559 1768 594 1829 in
618 1766 852 1846 antiquioribus
875 1769 1094 1830 monumentis
1116 1769 1225 1831 obvias
1322 1764 1329 1770 ’

121 1888 228 1952 adhuc
249 1901 365 1953 servat.
411 1889 462 1953 Cf.
487 1888 562 1952 Cor.
585 1889 626 1950 ad
641 1886 762 1965 ‘Ptoeb
785 1909 860 1974 pag.
878 1886 953 1952 274.
998 1887 1104 1952 Locos
1119 1911 1159 1952 ex
1175 1911 1226 1951 vc·

121 2013 306 2076 tustioribus
328 2013 538 2097 scriptoribus
560 2010 678 2075 allatos
694 2011 767 2074 vide
783 2032 835 2099 ap.
853 2009 1002 2095 Ducung.
1022 2012 1127 2075 Gloss.
1143 2013 1225 2074 med.

122 2147 155 2222 et
176 2136 233 2198 inl.
258 2133 313 2196 Gr.
337 2135 428 2196 Tem.
451 2133 496 2197 Il.
519 2155 549 2218 p.
576 2130 674 2197 157‘2·

252 2245 365 2372 pupi&
382 2275 441 2342 pro
470 2246 599 2334 βιβλίον.
650 2255 778 2319 Etenim
808 2257 845 2318 in
874 2256 1052 2319 recentiore
1079 2277 1227 2320 sermone

123 2398 190 2441 non
212 2377 317 2440 solum
339 2399 359 2435 v
380 2377 646 2473 Accusatiuornm
675 2378 759 2459 sing.
789 2377 913 2462 primae
941 2389 973 2440 et
996 2380 1109 2441 tertiae
1132 2379 1228 2442 ‹leoli-

122 2501 265 2563 nationis
294 2499 384 2563 salva
410 2501 574 2563 sententia
602 2501 713 2562 abesse
741 2510 863 2584 potest,
892 2499 940 2561 ita
967 2510 1004 2562 ut
1027 2499 1152 2562 dicutur
1174 2493 1229 2574 τὴν

122 2618 233 2704 μοῦσα
254 2642 314 2709 pro
336 2618 476 2702 μοῦσαν,
498 2610 575 2702 χάρι
597 2642 656 2706 pro
678 2606 787 2700 χάριν,
809 2620 866 2682 scd
888 2622 986 2684 etiam
1007 2642 1027 2680 ν
1041 2624 1163 2684 neutris
1180 2644 1228 2686 se-

125 2746 247 2809 cundae
270 2744 497 2808 declinationis
519 2744 555 2806 in
578 2764 615 2802 ον
637 2744 855 2806 desinentibus
878 2745 913 2805 in
931 2743 1149 2823 nominativo,
1165 2744 1229 2807 Ae-

126 2870 267 2932 cusativo
291 2880 324 2931 et
345 2866 505 2931 Vocativo
529 2865 706 2949 singularis
737 2866 863 2928 numeri
886 2866 1069 2947 frequenter
1090 2885 1112 2928 a
1134 2866 1229 2949 vulgo

126 2993 272 3055 demitur.
317 2989 429 3070 Neque
451 3001 559 3052 tamen
582 2989 759 3074 putandum
781 2999 842 3067 est,
864 2985 927 3051 hoc
948 2988 1045 3075 plane
1060 2990 1230 3052 barbarum

126 3135 207 3192 esse,
230 3111 387 3192 siqnidem
404 3114 474 3194 jann
496 3122 619 3174 veteres
641 3110 703 3175 hac
725 3091 851 3174 ratione
881 3101 969 3191 edroi,
997 3107 1097 3186 τοῦτο,
1120 3104 1230 3185 ἐκεῖνο,

126 3221 206 3294 dano
234 3233 393 3294 dixerunt.
450 3231 526 3295 Jam
558 3251 633 3295 vero
666 3231 750 3294 nihil
783 3233 934 3298 usitatius
967 3236 1002 3296 in
1031 3233 1156 3317 vulgari
1183 3232 1230 3296 lo·

127 3357 244 3440 quendi
265 3374 393 3438 genere,
418 3374 512 3436 quam
534 3354 668 3416 duorum
690 3374 844 3418 sonorum
865 3358 907 3420 ad
928 3357 1069 3420 diversus
1087 3355 1230 3437 syllabas

126 3479 356 3566 pertinentium
378 3477 573 3561 conjunctio,
596 3496 658 3558 qua
673 3477 729 3558 lit,
752 3488 789 3541 ut
809 3497 869 3562 pro
892 3478 1013 3541 duabus
1028 3498 1093 3540 urru
1107 3479 1151 3540 sit
1166 3475 1230 3558 syl-

126 3600 210 3664 laba.
254 3599 379 3662 Horum
400 3619 554 3662 sonorum
577 3598 661 3660 alter
683 3600 866 3661 necessario
889 3619 931 3660 ex
952 3600 994 3660 iis
1016 3609 1076 3678 est,
1100 3599 1154 3678 qui
1176 3608 1232 3659 uut

126 3734 164 3786 nt
184 3718 215 3803 i,
237 3733 293 3785 aut
321 3733 358 3785 ut
379 3740 398 3784 c
420 3719 557 3784 aliarum
584 3719 768 3802 linguarum
797 3722 1058 3804 pronuntiantur.
1110 3718 1232 3781 Priori-

126 3848 186 3910 bus
212 3855 341 3929 praeter
368 3844 472 3928 ipsum
495 3838 572 3901 Zeira
599 3842 805 3905 adnumerari
831 3863 861 3917 η,
883 3861 920 3917 ει,
942 3865 981 3921 οι,
1005 3864 1042 3916 υ,
1065 3843 1100 3905 in
1128 3854 1232 3926 poste-

128 3967 267 4029 rioribus
289 3975 396 4027 autem
419 3987 433 4022 ε
456 3973 488 4028 ct
510 3988 544 4023 αι
566 3986 635 4028 esse
658 3966 739 4028 sutis
762 3975 897 4027 constat.
948 3962 1022 4027 Duo
1045 3966 1124 4044 ista,
1152 3984 1233 4045 quae

131 4087 387 4162 commemoravi,
400 4105 554 4149 sonorum
577 4107 696 4169 genera
718 4088 766 4150 ita
788 4090 1028 4169 cum-sequenti
1050 4087 1154 4151 vocali
1175 4106 1232 4172 per

131 4212 294 4292 synizesin
318 4211 354 4274 in
376 4229 473 4272 unum
496 4207 654 4288 syllabam
679 4209 856 4274 coalescere
878 4221 1029 4294 possunt,
1058 4224 1094 4272 ut
1122 4208 1257 4278 codem,
