2700 4672
187 201 234 272 50

192 405 265 486 post
286 413 305 452 u
327 389 425 455 finale
444 387 587 452 vocalem
609 412 622 443 e
645 383 782 448 addendi
804 383 865 461 (cl.
888 382 1025 446 Davidis
1046 378 1200 445 Methode
1215 402 1299 469 pour

193 518 317 584 etudier
338 514 371 577 la
393 504 512 594 langue
534 527 670 593 grecque
691 506 774 569 mod
798 527 829 593 p.
853 503 929 585 60.)
959 492 1008 563 ἔυε
1036 507 1217 590 usurpavit,
1247 527 1299 570 cu-

190 647 244 728 jus
265 638 338 703 loco
360 633 509 700 nonnulli
532 634 570 695 ob
593 629 872 717 pronunciationis
892 626 1117 710 aequalitatem
1133 616 1202 688 ’έναι
1221 631 1301 693 scri-

195 771 338 852 pserunt,
361 759 463 840 donec
484 754 707 818 recentissima
728 752 832 815 forma
860 738 940 810 εἶναι
961 753 1102 832 exstitit,
1132 770 1212 833 quae
1235 771 1301 815 ser-

144 908 151 918 ’
198 886 304 949 monis
333 882 414 944 vitio
452 897 523 941 curn
559 877 764 956 antiquorum
798 873 960 938 infinitivo
999 893 1179 958 congruens
1216 894 1304 939 nunc

200 1006 345 1071 omnium
366 1021 426 1063 usu
448 998 635 1063 celebratur.
682 995 938 1098 Copiosioslhac
960 998 999 1060 de
1027 1016 1062 1060 rc
1089 998 1157 1080 egit
1182 997 1304 1061 Coraes

197 1117 354 1188 mediceo
375 1133 451 1185 tom.'
474 1120 500 1185 l.
523 1140 597 1206 pag.
620 1119 673 1183 95.
718 1119 758 1182 ln
781 1109 902 1183 edendo
920 1120 1061 1183 Zeniani
1083 1121 1190 1206 operis
1212 1131 1304 1184 textu

200 1250 316 1329 ubique
344 1244 437 1331 posui
466 1229 516 1301 ive
542 1263 601 1329 pro
632 1228 701 1300 ἴέναι
729 1254 900 1329 propterea
928 1242 1011 1324 quod
1032 1242 1091 1306 illa
1113 1244 1216 1307 forma
1237 1263 1301 1307 ser·

164 1453 167 1458 g
201 1370 307 1435 monis
329 1367 438 1450 groeci
460 1377 594 1429 naturae
616 1365 888 1428 accommodatior
909 1376 968 1429 est.
1019 1366 1114 1442 Quod
1141 1384 1236 1447 quum
1263 1366 1304 1429 de

202 1479 282 1551 εἶναι
304 1509 425 1571 quoquc
441 1482 651 1571 judicandum
672 1488 731 1566 sit,
755 1505 822 1550 non
844 1487 1071 1572 vituperandus
1099 1499 1150 1552 est
1176 1487 1306 1552 Genna-

202 1616 283 1694 dium
307 1632 399 1694 quem
422 1612 458 1674 in
480 1607 688 1690 I'papcprurrxa]
708 1607 760 1684 mir,-
783 1604 940 1685 ἓλληνικῆς
961 1601 1109 1692 γλώσσης
1135 1610 1219 1697 apud
1241 1610 1307 1676 Ae.

203 1738 330 1821 ginetas
342 1734 428 1819 typis
440 1753 569 1812 excusa,
577 1719 838 1797 constantereioe
852 1752 911 1819 pro
927 1719 1008 1792 εἶναι
1020 1734 1190 1820 scripsisse
1202 1735 1304 1798 video.

333 1856 375 1919 In
396 1856 502 1919 verbis
523 1842 587 1934 μὴν
608 1844 749 1936 ἀργήσῃς
770 1875 812 1919 nc
833 1864 996 1920 crrnctare
1018 1844 1081 1936 piu
1102 1875 1171 1920 non
1186 1868 1235 1920 est
1248 1877 1306 1921 an·

205 1981 364 2061 tiquo1um
385 1968 448 2056 μῆν
469 1979 525 2041 sed
546 1970 591 2058 μή
614 1990 742 2041 auctum
764 1998 784 2041 a
806 1978 872 2041 fine
895 1981 934 2043 oh
956 1990 1141 2062 sequentem
1161 1979 1305 2043 vocalem

183 2098 260 2163 ’τοῦ
289 2095 514 2177 ἐφελοωνικοῦ
541 2123 561 2160 v
587 2101 775 2184 adjectione.
828 2099 915 2165 Sunt
949 2114 1059 2166 tamen
1091 2100 1186 2165 hodia
1220 2102 1306 2188 apud

206 2223 358 2303 Graecos,
381 2222 435 2304 qui
457 2223 555 2286 etiam
579 2233 655 2286 ante
678 2243 853 2287 consonam
877 2225 986 2289 dicant
1006 2218 1077 2306 μὴν.

335 2344 377 2410 V.
403 2343 452 2410 10.
477 2332 571 2424 ἔπαρε
592 2346 800 2432 imperativus
818 2367 885 2438 aor.
903 2358 1030 2411 setosi
1051 2349 1140 2413 verbi
1162 2339 1318 2427 indiguos

205 2468 300 2552 mrlgo
321 2459 451 2547 ocimum
473 2467 555 2548 quod
577 2469 616 2530 ab
638 2469 771 2549 antiquo
800 2461 915 2550 ἕπαίρω
942 2469 1093 2533 manavit.
1144 2471 1204 2533 Est
1230 2490 1308 2534 vero

206 2591 364 2677 imprimis
386 2580 505 2667 παίρνω
527 2587 611 2672 apud
633 2592 827 2655 recentiores
849 2612 953 2667 sumo,
975 2587 1112 2679 aufero,
1133 2587 1226 2656 tollo.
1254 2592 1305 2655 Οἱ.

206 2717 375 2798 praeterea
396 2710 636 2773 adnotationem
659 2712 701 2775 ad
723 2713 882 2801 Paraphr.
906 2736 987 2779 vers.
1011 2713 1063 2779 7l.

336 2831 521 2902 Particulac
535 2826 562 2890 εἰ
582 2853 653 2896 cum
669 2814 881 2920 conjunctivo
905 2838 1110 2916 constructio,
1133 2855 1227 2917 quarn
1249 2855 1307 2899 no-

208 2966 275 3018 ster
298 2951 353 3017 hic
376 2952 482 3034 habet,
507 2955 583 3021 licet
604 2959 763 3021 veteribus
784 2956 871 3022 haud
893 2959 1007 3040 ignota
1027 2958 1081 3036 sit,
1103 2957 1143 3038 (v.
1162 2956 1244 3019 doct.
1268 2960 1306 3021 in

208 3075 332 3163 ephem.
354 3076 416 3139 litt.
437 3073 667 3142 narencium
680 3100 732 3142 no.
747 3077 799 3142 33.
823 3100 854 3164 p.
878 3076 977 3157 272.)
1000 3075 1096 3140 hodie
1118 3090 1226 3142 temen
1248 3099 1306 3164 pa.

99 3278 101 3282 f
209 3217 281 3259 rum
302 3198 422 3261 usitata
443 3210 500 3262 est.
530 3199 658 3265 Etenim
671 3200 929 3263 nostraeaetatis
950 3199 1125 3286 scriptores
1147 3203 1194 3265 sie
1216 3222 1306 3266 usur.

206 3329 286 3402 pant
307 3305 356 3378 dv.
402 3319 450 3383 Cf.
475 3322 516 3385 ad
537 3320 724 3408 paraphras.
748 3340 829 3385 vers.
853 3317 905 3382 41.
929 3355 973 3368 -

340 3434 399 3500 e’od
419 3464 479 3528 pro
501 3411 631 3523 antiquo
653 3428 704 3498 σῦ.

338 3561 380 3626 V.
406 3563 455 3628 ll.
478 3559 581 3622 ἕτοῢτο
603 3582 645 3624 ex
665 3560 790 3647 plebejo
812 3562 961 3647 loquendi
984 3566 1111 3630 ratione
1132 3586 1192 3652 pro
1206 3564 1305 3628 rodco.

206 3676 257 3742 ’cre'
274 3701 309 3746 ro
330 3704 389 3771 pro
411 3675 480 3742 εἰπέ
497 3698 531 3742 ro
553 3683 576 3745 i.
599 3705 626 3746 e.
650 3674 715 3743 elei
736 3675 821 3751 αὐτό.

336 3803 379 3865 V.
405 3801 456 3867 12.
489 3794 544 3880 ripn
571 3797 648 3887 ρἶα
676 3827 785 3871 rursus
814 3829 873 3895 pro
900 3804 955 3885 criu
980 3803 1086 3890 ρἶαν.
1136 3811 1242 3875 Porro
1269 3801 1306 3872 sci

205 3920 295 4003 ’βαλε
317 3926 512 3991 detractione
535 3932 698 4013 augmenti
720 3950 779 4016 pro
800 3923 834 3991 cd
857 3919 951 4010 ἔβαλε
972 3935 993 3996 i.
1018 3955 1044 3999 ο.
1069 3922 1146 3994 αὐτὸ
1168 3921 1271 4012 ἔβαλε.
1323 3973 1325 3976 >

337 4048 377 4109 ln
398 4041 623 4129 preceploimce
645 4054 733 4117 deest
755 4068 962 4137 augmentum
990 4069 1065 4121 ante
1093 4057 1306 4145 praepositio·

206 4183 290 4244 nem,
313 4167 378 4229 nisi
402 4169 483 4232 sorte
506 4173 614 4239 Zenus
636 4169 663 4235 κ’
688 4167 929 4257 ἐμεταγλώπισε
950 4180 1088 4264 scripsit.
