2700 4672
1113 194 1160 266 45

60 391 107 455 fit.
153 389 340 454 Falsissima
363 396 469 450 autem
492 385 651 470 scriptura
668 394 724 448 'est
746 375 832 465 ripa,
856 405 950 467 qnam
972 385 1161 474 Ducangius

60 516 96 576 in
120 513 285 577 Glossario
309 531 347 574 m.
372 521 404 572 ct
426 510 482 571 ini.
507 527 554 592 gr·
579 508 618 570 Τ.
643 507 684 571 11.
711 505 805 573 1686.
829 505 941 588 habet,
970 512 1025 583 obi
1047 533 1088 575 ex
1110 534 1160 577 ve.

59 637 228 700 tustiorum
241 635 433 718 scriptorum
444 631 536 695 libris
545 629 640 714 hujus
650 628 902 713 significationis
914 633 1059 718 exempla
1071 636 1159 699 citat.

190 749 246 816 div
266 768 303 819 ut
325 755 410 817 Zeni
432 765 574 839 tempore
597 763 629 815 et
646 755 714 834 jam
730 754 830 838 prius,
854 754 901 816 ita
916 750 1072 838 hodieque
1087 779 1160 844 par.

58 879 157 943 ticnla
180 881 331 963 negativa
352 889 412 956 est,
436 881 525 960 cujus
549 876 723 958 originatio
747 875 852 939 facilis
874 877 1006 940 inventu
1026 881 1159 945 videtur.

57 1001 145 1065 Nam
173 1022 268 1083 quum
298 1001 424 1079 antiqui
453 997 537 1061 lraud
566 1017 641 1062 raro
671 990 765 1081 odota
791 999 840 1062 sic
867 997 1103 1083 adhibuissent,
1126 1016 1161 1067 ut

57 1143 125 1186 non
147 1123 283 1187 multum
306 1121 448 1184 differret
469 1122 509 1184 ab
537 1113 591 1193 οὐ,
619 1139 809 1201 quamquam
836 1120 933 1207 paulo
961 1123 1076 1188 lortius
1102 1137 1161 1202 est,

58 1245 145 1309 velut
166 1242 334 1331 Aristoph.
357 1242 479 1307 Eccles.
503 1252 583 1306 vers.
601 1240 676 1306 644.
698 1237 739 1301 ed
759 1234 820 1322 μὲν
840 1228 924 1302 ἄλλα
945 1237 1046 1327 λέγεις
1067 1238 1162 1308 οὐδὲν

58 1365 176 1438 σκαιῶς
204 1368 255 1432 vel
282 1364 437 1451 Sophocl.
465 1365 545 1428 Oed·
575 1363 645 1428 Col.
673 1385 753 1429 vers.
783 1364 857 1430 779.
887 1399 928 1412 -
956 1354 998 1426 ὅτ’
1026 1360 1160 1446 addicti

57 1479 150 1570 χάρις
171 1481 269 1570 χάριν
290 1481 384 1569 φέρει,
408 1486 459 1551 vel
480 1485 614 1550 Luclan.
638 1487 732 1551 Asin.
753 1486 802 1552 19.
827 1482 864 1546 Οἱ
878 1479 913 1548 δὲ
928 1479 967 1548 roi
981 1481 1042 1569 μὲν
1057 1491 1162 1573 πρῶτα

58 1602 140 1691 ξύλῳ
161 1605 303 1680 παίοντες
323 1600 378 1670 τὸν
397 1595 473 1669 ἕνον
489 1600 665 1682 ἀναστῆναι
681 1598 736 1668 τὸν
756 1595 872 1680 ἄθλιον
894 1605 1048 1689 ἐκέλευον,
1069 1608 1110 1684 ὡς
1125 1607 1161 1675 δὲ

58 1727 151 1797 οὐδὲν
173 1728 310 1810 ὑπήκουε
331 1732 398 1802 ταῖς
421 1731 553 1812 πληγαῖς
574 1742 633 1795 etc.
656 1733 850 1818 posteriores
866 1731 1161 1802 huncatticismum

56 1858 168 1944 inepto
191 1858 326 1939 quodam
349 1855 531 1938 elegantiae
553 1855 659 1918 studio
682 1856 855 1920 identidem
878 1869 1059 1942 repetentes
1087 1880 1160 1946 pro·

57 1980 188 2044 cedente
211 1991 353 2065 tempore
376 1969 416 2038 οὐ
436 1976 628 2064 perticulam
649 1998 782 2064 prorsus
805 1982 999 2062 abjecerunt,
1023 1982 1159 2064 denique
1196 2003 1198 2007 ⁴

56 2101 170 2186 vulgus
203 2102 402 2181 detruncato,
436 2111 473 2164 ut
506 2101 553 2164 ita
580 2102 703 2182 dicam,
731 2104 818 2165 vocis
848 2103 952 2188 capite
979 2123 1037 2189 pro
1065 2096 1159 2166 οὐδὲν

56 2223 246 2310 simpliciter
274 2215 329 2282 div
351 2224 456 2286 dicere
484 2241 551 2285 non
580 2224 743 2288 dubitavit
794 2222 889 2287 Hanc
918 2224 1158 2310 etymologiam,

56 2364 151 2428 quam
174 2358 206 2409 et
229 2345 349 2409 Coraca
372 2365 439 2419 non
461 2346 658 2430 improbasse
680 2346 839 2431 putandus
862 2357 921 2424 est,
945 2346 1002 2426 (cl.
1018 2333 1158 2408 ”Aroma

56 2468 171 2554 [pag.
189 2466 261 2547 46.)
288 2479 323 2531 ut
346 2468 490 2531 deseram
512 2467 602 2530 nullo
625 2468 718 2530 modo
741 2468 850 2531 induci
871 2488 1000 2553 possum
1022 2470 1158 2551 quodam

56 2591 173 2657 Alcaei
198 2590 269 2654 loco
298 2591 382 2676 apud
407 2590 547 2672 Etymol.
576 2609 649 2675 pag.
673 2587 753 2668 639,
788 2589 845 2664 17,
873 2611 914 2653 ex
936 2609 998 2670 quo
1020 2591 1158 2656 Zenobii

56 2716 246 2778 auctoritate
269 2715 368 2775 fretus
390 2713 475 2776 idem
498 2712 554 2775 ille
577 2711 620 2791 (l.
643 2712 665 2774 l.
688 2732 760 2796 pag.
788 2710 884 2791 180.)
913 2710 1056 2795 collegit,
1083 2733 1156 2799 pro.

55 2855 173 2900 nomen
193 2827 256 2905 del,-
278 2835 362 2920 apud
385 2845 507 2898 veteres
529 2834 630 2897 simili
651 2833 838 2917 significatu
853 2855 915 2918 quo
930 2826 1031 2906 οὐδεὶς
1048 2837 1156 2900 luisse.

55 2957 193 3022 Videtur
212 2961 298 3022 enim
309 2950 370 3028 dele
382 2958 465 3021 idem
482 2957 668 3040 designasse
684 2957 767 3040 quod
781 2946 836 3035 rie,
846 2958 929 3039 quod
944 2957 1065 3022 Coraes
1080 2980 1156 3041 quo-

55 3098 115 3162 que
143 3099 210 3143 non
238 3100 368 3165 prorsus
396 3091 503 3163 negat.
549 3079 597 3142 Cf.
621 3093 788 3165 praeterea
807 3080 999 3144 Buttmanni
1021 3101 1155 3164 gramm.

53 3201 151 3288 ampl.
175 3213 250 3264 tona
272 3201 298 3264 l.
321 3221 353 3286 p.
376 3198 452 3264 282.
476 3212 508 3264 et
530 3200 681 3264 Passovii
703 3201 767 3265 lex.
790 3222 816 3266 s.
839 3223 868 3266 v.
892 3195 1000 3274 οὐδείς.

185 3314 320 3395 decrero
355 3322 438 3407 apud
472 3323 668 3387 recentiores
696 3335 762 3404 est,
791 3321 897 3402 olion,
919 3346 1023 3403 cecc,
1036 3323 1154 3413 scrin-

52 3455 105 3511 tut
126 3467 206 3511 sunt

183 3568 226 3630 V.
250 3567 278 3634 ll.
324 3561 451 3685 dovltprplc
478 3564 692 3642 σπουδακτική
722 3569 830 3633 ablato
866 3590 885 3627 v
917 3589 977 3654 pro
1008 3562 1156 3683 dovtepdv

51 3681 291 3764 crovdoarmr'sv.
337 3689 508 3754 Caeterum
530 3677 659 3750 doviaoi
682 3709 731 3765 ea,
754 3709 817 3768 qua
840 3687 894 3751 hic
922 3691 1070 3774 ponitur,
1100 3712 1154 3775 po-

52 3824 167 3878 testate
184 3818 255 3895 jam
277 3814 331 3876 hic
353 3812 421 3875 illie
444 3811 527 3897 apud
550 3810 749 3891 Byzantinos
771 3811 945 3895 scriptores
968 3812 1095 3894 legitur.

182 3927 282 3992 cram
310 3935 360 3997 vel
387 3929 539 4012 crdxopm
561 3933 722 3997 citerioris
745 3934 931 4015 graecitatis
956 3935 1151 4015 vocabulum,

50 4065 155 4131 stare,
190 4053 334 4127 versari,
367 4052 580 4132 commorari,
604 4075 676 4119 esse
707 4056 900 4140 significans
934 4078 974 4120 ex
1011 4069 1153 4122 veterum

49 4181 130 4266 peri.
153 4191 215 4244 act.
239 4180 326 4244 verbi
348 4169 456 4258 ῗστημῑ
475 4180 644 4241 formatum
667 4189 724 4242 est.
753 4178 922 4244 Acristum
945 4178 1041 4246 habet
1062 4170 1152 4240 iord.
