2700 4672
172 200 220 272 72

172 397 267 461 nibus
293 412 391 481 saepe
418 390 588 469 inseritur,
617 388 672 453 nbi
698 362 766 450 non
792 386 957 473 praecedit
984 386 1157 470 digamma.
1206 387 1279 452 Hac

173 519 300 582 ratione
320 506 443 596 orruiym
471 533 531 599 pro
559 501 676 588 arretio),
699 500 823 591 κλαῖγω
844 500 1024 603 protulerim
1046 510 1173 577 dicitur.
1217 510 1280 574 His

173 638 393 719 similibusque
427 606 601 720 exemplis,
638 633 752 715 quibus
785 633 927 696 abundat
960 633 1121 695 recentior
1153 631 1278 716 lingua,

173 761 305 826 evidens
326 770 387 839 est,
410 757 636 840 cognationem
658 754 818 836 quandam
840 775 910 818 esse
933 756 1020 817 inter
1042 767 1217 838 gammaet
1232 757 1280 820 di.

174 902 320 968 gamma,
348 881 388 944 de
415 899 478 962 qua
504 880 540 941 iu
568 877 809 941 Commentario
831 877 874 941 ad
895 875 1224 964 Ptochoprodromum
1247 899 1279 966 p.

175 1004 228 1070 63.
251 1023 336 1087 seqq.
380 1001 501 1065 Coraes
523 997 675 1064 disseruit
696 1019 818 1082 nosque
841 1000 942 1064 fusius
969 999 1143 1082 aliquando
1171 1002 1280 1087 dispu.

174 1140 244 1193 tare
266 1124 446 1197 statuimus.
491 1122 641 1217 Denique
662 1118 753 1199 πῆτα,
775 1127 865 1207 cujus
892 1122 965 1186 loco
994 1122 1144 1186 nonnulli
1173 1125 1282 1188 minus

174 1259 264 1313 recte
285 1222 380 1308 πίττα·
403 1247 564 1327 scribunt,
592 1246 781 1309 femininum
808 1245 952 1309 doricum
979 1245 1104 1309 videtur
1131 1246 1282 1331 adjectivi

175 1370 314 1436 verbalis
341 1389 363 1434 a
389 1370 485 1432 verbo
513 1358 671 1450 πηγιώναι
697 1367 749 1431 vel
768 1355 889 1442 nitran
909 1368 1052 1447 deducti,
1080 1369 1114 1432 id
1136 1369 1220 1451 quod
1241 1392 1281 1433 eo

100 1495 103 1510 '
175 1494 282 1577 magis
304 1490 469 1580 probabile
491 1502 550 1572 est,
573 1510 634 1573 quo
657 1493 763 1574 major
784 1491 961 1554 similitudo
988 1501 1038 1553 est
1058 1480 1171 1575 vocum
1196 1485 1281 1572 μελί.

110 1583 112 1586 ⁴
176 1632 292 1691 aaaron
313 1628 346 1678 et
366 1602 534 1694 paldram,
557 1633 690 1696 quarum
711 1615 801 1700 prior
822 1614 907 1700 apud
928 1624 1053 1677 veteres
1075 1614 1175 1690 idem,
1198 1616 1282 1697 quod

128 1737 132 1743 ’
176 1739 337 1825 posterior
358 1734 456 1801 hodie
477 1735 652 1819 significat.
676 1771 720 1783 -
746 1736 788 1800 In
809 1737 914 1800 verbis
936 1729 957 1816 ᾑ
979 1727 1282 1817 πολυσουσαμάταις

176 1861 267 1946 prior
294 1858 409 1924 vocula
435 1870 486 1922 est
512 1877 598 1922 nom.
626 1859 709 1946 plur.
738 1860 810 1922 iem.
839 1859 968 1941 generis
996 1858 1126 1923 articuli
1153 1880 1213 1946 pro
1235 1855 1280 1924 αἱ.

175 1981 277 2045 Istam
298 1993 406 2045 autem
427 1983 562 2046 lormam
584 1984 683 2046 etiam
699 2001 785 2044 nunc
802 1979 916 2064 vulgus
933 1992 1021 2044 amat
1037 1993 1070 2045 et
1081 1982 1281 2047 celebrat*

176 2093 464 2184 robvoovoopoirot
485 2105 561 2187 quid
584 2106 637 2185 sit,
660 2105 716 2168 vix
738 2124 817 2189 opus
839 2113 889 2166 est
911 2103 1022 2168 multis
1044 2107 1148 2170 verbis
1178 2106 1281 2171 decla-

175 2226 252 2290 rari.
303 2226 492 2290 Tenendum
520 2226 755 2307 tantummodo,
786 2246 947 2290 sesamum
977 2221 1064 2290 nunc
1092 2231 1132 2294 ab
1166 2228 1281 2296 infima

174 2322 267 2433 plebe
289 2349 448 2435 appellari
469 2337 622 2440 ooooo'pu,
644 2349 727 2428 quod
749 2348 978 2414 deminutivum
995 2371 1066 2414 esse
1082 2371 1191 2415 omnes
1207 2373 1279 2438 per-

175 2470 322 2556 spicient.
368 2471 481 2554 Itaque
502 2493 543 2535 ex
564 2461 674 2548 πολὺς,
696 2463 840 2551 σουσᾶμι
866 2483 900 2534 et
921 2471 1027 2537 latina
1053 2474 1280 2541 terminatione

175 2598 255 2662 atus
275 2594 448 2660 formatum
470 2592 603 2673 esthoc
624 2592 812 2656 vocabulum
840 2588 1134 2677 ooivooooapoiroc.
1184 2597 1280 2662 Hanc

178 2712 317 2779 latinam
339 2718 542 2803 positionem,
568 2735 663 2798 quam
685 2716 790 2779 medio
813 2737 891 2781 aevo
909 2718 1026 2783 Graeci
1047 2722 1084 2783 in
1105 2740 1195 2784 suam
1216 2719 1278 2786 lin·

174 2856 271 2919 guam
294 2841 468 2903 transferre
491 2839 818 2923 coeperunt,.multis
842 2844 913 2924 jam
941 2843 1103 2905 vocabulis
1131 2863 1152 2906 a
1174 2841 1278 2906 Tiroc-

175 2958 252 3023 doro
282 2961 460 3024 Prodromo
488 2958 642 3023 adhibitis
669 2959 846 3027 adhaerere
873 2963 1031 3044 videmus,
1061 2963 1169 3044 qualia
1200 2975 1277 3028 sunt

174 3071 415 3163 ἆμυγδαλάτος,
442 3074 824 3165 λαμπροπουκαμισοὶτος,
852 3073 1171 3164 μορφοπροσωποίτος,
1193 3107 1274 3164 pcata

173 3193 403 3284 porptxapoiroc.
454 3201 503 3266 Cs.
542 3203 657 3269 Corsis
692 3208 933 3272 adnotationem
964 3207 1006 3269 ad
1039 3206 1275 3295 Ptochoprodr.

170 3322 225 3395 lib.
248 3323 266 3387 1
287 3343 368 3387 vers.
392 3323 436 3389 59
456 3346 531 3411 pag.
554 3323 597 3392 43
621 3331 716 3394 etad
739 3326 915 3393 Plutarchi.
937 3326 1000 3388 vol.
1023 3327 1059 3390 Π
1080 3351 1155 3416 pag.
1179 3329 1254 3395 377.

303 3444 345 3508 V.
370 3444 422 3513 66.
465 3440 665 3532 ζακχαράτος
686 3451 877 3534 adjectivum
899 3447 1069 3513 deductum
1091 3438 1276 3532 αζοίκχαρς,

173 3568 261 3650 cujus
284 3566 356 3634 loco
379 3573 505 3653 antiqui
531 3561 684 3652 σάκχαρι,
706 3562 839 3649 σάκκοις
861 3580 894 3633 et
916 3558 1089 3654 σάκχαρον
1116 3574 1274 3638 dicebant.

301 3688 344 3751 V.
369 3689 421 3755 67.
466 3685 534 3774 copi
556 3694 607 3759 vel
628 3684 733 3771 regico
748 3692 978 3758 deminutivum
996 3708 1045 3758 est
1061 3698 1277 3761 recentiorum

169 3828 259 3874 more
281 3809 337 3876 hic
357 3816 497 3900 positum
520 3834 578 3900 pro
600 3812 739 3897 simplici
760 3807 861 3894 τυρός,
884 3818 967 3898 quod
989 3838 1076 3882 nunc
1098 3820 1275 3887 amuletum

168 3940 226 3999 est.
250 3966 293 3988 —
315 3916 504 4017 κάμνουιῖἰ.
529 3955 555 3999 e.
578 3924 750 4014 κάμνουσι,
771 3949 808 4000 ut
831 3940 1052 4028 adnotavimus
1074 3943 1116 4007 ad
1138 3963 1217 4008 vers.
1242 3941 1273 4007 3.

298 4055 340 4119 V.
364 4057 417 4122 68.
463 4045 538 4116 οὐδὲ
560 4047 737 4138 quotiacum
760 4055 897 4133 ἁπαλαῖς
919 4083 981 4127 nec
995 4059 1165 4128 Laconici
1179 4061 1275 4130 casei

49 4214 57 4233 .
166 4171 315 4244 delicati.
363 4179 412 4248 ct
440 4179 587 4265 Ducang.
624 4181 729 4255 Gloss.
758 4187 839 4250 med.
870 4196 903 4252 et
931 4187 991 4252 ius.
1013 4207 1117 4269 graec.
1141 4186 1274 4258 Tomi

75 4286 125 4384 Ι
