2700 4672
1138 189 1183 261 15

81 379 322 469 Saepenumero
334 381 368 444 in
380 379 571 467 profundum
584 379 794 460 deferebatur,
807 378 1184 461 (unde)rursusviriliter

82 479 265 594 calcitrans,
282 524 434 596 quantum
449 522 587 600 poterat,
605 522 638 575 et
652 531 776 575 sursum
792 513 924 584 redibat
960 514 1184 597 [eluctabatur,

82 645 169 709 Fieri
191 665 258 708 non
280 656 418 732 poterat,
442 656 478 707 ut
500 645 671 708 redimeret
694 665 809 731 corpus
831 666 933 726 suurn,

83 797 185 859 neque
209 789 244 839 ut
266 777 419 860 effugeret
441 787 587 857 mortem,
609 788 645 842 ut
667 789 871 840 conservaret
892 779 991 843 vitam
1012 801 1112 843 suam.

83 911 251 991 Tanquam
275 929 398 977 remum
420 909 456 969 in
479 927 560 988 aqua
583 905 730 978 trahebat
753 909 886 981 caudam
908 930 1009 990 suam,

84 1053 117 1104 et
138 1041 215 1104 deos
237 1042 435 1127 precabatur,
459 1051 494 1103 ut
516 1040 670 1122 effugeret
691 1051 837 1103 mortem.

84 1171 195 1236 Verba
218 1170 300 1235 baec
321 1173 502 1259 proferebat
524 1169 618 1235 labiis
640 1170 837 1265 delentibus:

85 1303 161 1369 Tali
183 1303 276 1367 modo
298 1272 406 1390 posuit
428 1322 509 1368 rene
531 1321 582 1365 me

86 1433 1189 1522 intergosuo,quemadmodumimposuitluppiter,quendoiactusest

87 1579 209 1647 taurus,
232 1578 265 1630 et
288 1586 369 1630 onus
390 1566 531 1652 suscepit
553 1564 588 1630 in
610 1562 760 1629 humeros
782 1587 858 1631 suos
880 1567 971 1632 illam
1073 1593 1075 1602 ⁴

87 1700 260 1788 Europam,
285 1717 378 1779 quam
401 1709 551 1784 rapuerat
572 1719 590 1760 e
612 1693 761 1777 Sidonia,

48 1865 52 1873 ·
88 1846 121 1898 ct
142 1834 245 1898 maria
267 1831 395 1914 trajecit
417 1848 546 1913 magua,
569 1848 626 1915 per
648 1831 726 1910 vim,

89 1977 184 2048 atque
206 1966 243 2028 in
264 1961 404 2026 insulam
426 1962 537 2035 eduxit
560 1960 677 2026 Cretae
699 1963 863 2048 continuo,

90 2097 241 2180 quoniam
261 2091 408 2180 Iuppiter
431 2092 486 2155 ille
509 2091 707 2163 admirabilis
729 2094 766 2157 in
787 2114 827 2158 ea
849 2092 1024 2160 habitabat.
1136 2180 1138 2182 q

90 2229 185 2292 Hunc
206 2245 386 2291 sermonem
408 2225 551 2304 induxit3
573 2237 606 2288 et
629 2226 713 2306 quod
734 2227 856 2312 incepit
878 2227 1038 2291 inclinare

92 2371 186 2445 caput
207 2379 298 2428 suum
321 2359 479 2434 deorsum,
502 2367 535 2418 et
556 2375 598 2418 ex
618 2375 703 2435 aqua
724 2356 842 2436 bibere,

91 2490 151 2580 pili
173 2494 242 2573 ejus
264 2489 435 2561 madefacti
456 2497 541 2566 sunt,
564 2499 597 2550 et
619 2489 811 2570 gravitatem
833 2487 865 2552 ci
887 2491 1042 2569 iecerunt,

92 2625 238 2687 deorsum
260 2641 333 2685 eum
354 2619 536 2698 trahebant,
558 2618 594 2680 in
615 2619 773 2703 profundo
795 2623 967 2705 ponebant.

92 2754 214 2819 Vocem
236 2771 368 2840 parvam
392 2748 493 2817 voluit
515 2751 547 2812 vi
568 2749 724 2828 emittere,
747 2816 749 2819 ,

84 2887 247 2978 ‘paulatim
264 2907 309 2949 ac
331 2883 459 2948 tractim
479 2881 615 2960 dicebat,
638 2893 672 2944 et
693 2882 850 2946 submisse
873 2881 1068 2965 loquebatur.

93 3019 224 3082 Ranam
246 3006 473 3093 insectabatur,
497 3033 577 3096 quac
599 3013 685 3093 (erat
707 3033 805 3078 causa

93 3151 144 3229 ut)
164 3151 268 3234 ipsum
290 3148 464 3230 conjiceret
485 3147 649 3231 insperato
671 3147 707 3208 in
730 3146 829 3210 talem
851 3147 1028 3212 interitum.

93 3278 189 3345 Haud
211 3250 354 3361 effugies,
377 3277 501 3377 inquit,
515 3295 616 3357 neque
640 3275 705 3341 ullo
728 3279 821 3342 modo
844 3279 958 3342 evades

93 3391 238 3476 Pessime
260 3407 496 3493 Physignathe,
519 3429 621 3491 neque
643 3411 742 3474 vitam
763 3411 928 3489 retinebis,

94 3544 150 3608 scd
171 3543 239 3607 lues
261 3555 397 3607 mortem
420 3541 504 3606 male
525 3553 558 3605 et
580 3543 704 3620 acerbe,

17 3733 21 3738 .
94 3696 132 3740 eo
155 3675 238 3757 quod
259 3694 311 3738 me
333 3675 458 3737 necasti
479 3672 651 3737 malitiose.

94 3807 135 3871 ln
157 3805 291 3869 humero
313 3817 369 3871 tuo
392 3825 443 3868 me
465 3802 613 3891 posuisti,
636 3812 669 3866 et
691 3803 728 3865 in
751 3820 866 3882 aquam
888 3785 1063 3880 intravisti,
1090 3858 1092 3862 .

94 3950 190 4021 atque
212 3936 326 3999 deinde
348 3957 399 4000 me
421 3936 602 4018 deseruisti,
625 3946 660 4000 et
682 3946 718 3998 ut
738 3935 912 3999 suffocarer
934 3933 1095 3999 dimisisti.

94 4070 171 4133 Non
192 4088 266 4133 eras
288 4066 402 4130 melior
424 4086 475 4130 mc
497 4087 648 4149 unquam,
670 4068 707 4132 in
729 4078 816 4130 terra
838 4077 873 4129 ut
895 4064 1041 4145 bellaces,

95 4214 129 4266 et
150 4212 186 4267 ut
207 4200 386 4283 laetareris,
409 4200 493 4265 sicut
514 4219 585 4284 ego,
608 4211 641 4264 et
663 4201 828 4288 inpugna
850 4211 886 4264 ut
907 4199 1060 4264 vinceres.
