2700 4672
1136 283 1198 330 xxl

89 472 214 549 gerere
237 471 393 547 possem,
419 472 511 547 quae
536 455 666 547 sponte
691 447 900 524 recentioris
923 448 1065 550 linguae
1084 477 1193 550 gnaro

89 606 130 655 se
155 579 318 670 offerunt,
344 578 409 654 sed
434 579 548 653 satius
574 605 657 654 esse
682 579 792 670 duco,
818 579 855 653 in
879 579 957 657 aliis
981 581 1082 656 libris
1102 583 1192 684 ube-

86 713 162 788 rius
187 713 279 786 haue
303 712 486 786 materiam
517 721 680 788 tractare.
737 712 831 786 Hinc
860 723 961 813 patet
990 715 1035 790 ad
1066 714 1192 815 dijudi-

87 844 238 918 candum
274 855 438 922 veterum
475 845 689 942 scriptorum
726 843 914 959 orationis
930 845 1088 921 habitum
1119 848 1192 922 siu·
1269 886 1273 891 ·

87 976 271 1075 gelusque,
298 1000 387 1075 quas
412 985 559 1075 ponunt,
584 1000 692 1051 voces
718 975 906 1076 plurimum
925 985 992 1051 nos
1011 1005 1054 1051 ex
1070 1005 1191 1053 recen·

85 1108 216 1183 tiorum
247 1107 466 1184 Graecorum
502 1132 666 1183 sermone
696 1109 871 1209 proficere
900 1134 1020 1209 posse.
1079 1108 1191 1210 Quod

84 1265 170 1316 vero
195 1265 303 1340 supra
328 1239 411 1329 dixi,
435 1240 683 1339 antiquissima
707 1240 879 1318 voeabula
908 1242 946 1315 in
970 1241 1108 1343 plebeia
1138 1242 1190 1318 lo·

85 1373 219 1473 quendi
235 1371 495 1448 consuetudine
511 1370 555 1445 ad
573 1383 731 1447 nostram
750 1374 954 1448 memoriam
971 1376 1190 1476 pervenisse,

83 1504 120 1579 id
147 1531 307 1608 magnam
333 1531 585 1602 nonnunquam
618 1502 886 1578 admirationem
916 1516 1045 1581 movet
1095 1505 1189 1582 Con·
1231 1508 1242 1525 '

85 1647 168 1727 stat,
181 1638 219 1710 in
231 1635 423 1712 multorum
434 1634 646 1736 populorum
664 1635 794 1735 linguis
808 1638 954 1737 reperiri
971 1662 1101 1710 nomen
1113 1640 1190 1720 βυ-

84 1742 218 1872 qm'rqq,
233 1767 331 1868 quod
353 1767 566 1842 simillimum
587 1777 644 1842 est
655 1767 870 1843 Germanico
885 1767 1106 1871 Persicoque
1126 1796 1188 1845 no-

83 1903 170 1976 mini
183 1901 341 2000 ejusdem
356 1901 588 2001 significatus.
622 1901 736 2001 Atqui
749 1900 861 1976 lorma
874 1901 962 1976 baec
975 1902 1187 2003 longiorest,

84 2061 190 2136 quam
216 2043 257 2108 ut
280 2033 457 2134 primitiva
483 2061 565 2109 esse
592 2043 709 2134 queat.
762 2033 892 2109 Nullus
922 2061 1008 2112 vero
1034 2034 1187 2136 populns

83 2166 334 2268 simpliciorem
358 2165 506 2240 lonnam
530 2164 694 2256 retinuit,
720 2193 826 2266 quam
851 2166 1028 2241 Graecum
1059 2167 1187 2267 vulgus

82 2299 166 2374 Chii
191 2297 408 2397 aliarumque
432 2298 626 2373 insularum
651 2297 758 2372 maris
781 2299 925 2397 Aegaei,
952 2297 1012 2371 ubi
1029 2324 1094 2397 pro
1111 2300 1188 2380 ἑυ-

80 2429 204 2535 qnirqo
229 2428 330 2504 audis
354 2426 397 2505 τὸ
421 2425 560 2533 ἓιύγος.
609 2430 741 2529 Neque
771 2457 857 2506 vero
889 2457 1104 2530 quemquam
1136 2428 1188 2504 di-

83 2575 223 2639 cturum
255 2571 361 2661 puto,
398 2559 529 2662 ‹5152109
558 2562 769 2661 posterioris
802 2563 879 2637 aevi
909 2562 1056 2635 sormam
1095 2589 1186 2637 esse.

80 2696 174 2772 Nam
202 2692 264 2792 qui
289 2693 381 2764 bene
406 2701 539 2765 norunt
565 2718 712 2794 graecae
728 2691 868 2791 linguae
892 2692 998 2795 legeS,
1023 2693 1187 2766 substan·

81 2829 154 2904 tiva
179 2834 305 2900 neutra
329 2824 366 2897 in
393 2810 432 2912 ὅς
457 2821 666 2914 desinentia,
693 2850 784 2925 quae
803 2824 921 2899 omnia
939 2824 1186 2925 antiquissima

82 2970 176 3051 sunt,
195 2985 214 3032 a
229 2956 449 3059 longioribus
463 2956 696 3034 substantivis
709 2957 839 3033 deduci
851 2984 924 3032 non
936 2983 1045 3058 posse
1058 2957 1185 3033 sciunt.

226 3088 278 3165 At
300 3115 347 3163 ne
374 3088 454 3188 quis
471 3098 583 3188 putet,
600 3091 835 3165 recentiorem
851 3090 1005 3192 linguam
1024 3115 1097 3163 non
1113 3116 1186 3163 ma·

81 3225 137 3328 gis
163 3220 350 3295 commodo
376 3246 481 3320 quam
507 3221 635 3297 damno
652 3248 733 3297 esse
750 3223 980 3312 discentibus,
999 3247 1090 3324 opus
1107 3221 1183 3296 lore

81 3354 245 3433 existimo
264 3353 352 3428 haec
368 3352 423 3444 iis,
439 3380 530 3453 quae
549 3352 712 3446 diximus,
729 3354 868 3431 addere.
892 3354 1025 3431 Omnia
1045 3354 1183 3428 citerio

79 3490 131 3565 ris
142 3487 360 3562 Graecorum
377 3485 517 3586 linguae
535 3487 706 3562 voeabula
722 3487 780 3565 vel
795 3488 962 3589 leguntur
974 3486 1067 3586 apud
1086 3497 1182 3563 vete-

80 3647 151 3712 res,
168 3618 226 3698 vel
244 3612 318 3693 non
334 3617 508 3718 leguntur.
533 3618 590 3692 Ex
603 3619 658 3707 iis,
676 3645 767 3717 quae
783 3618 950 3720 leguntur
965 3617 1003 3691 in
1020 3615 1181 3715 antiquo-

79 3780 158 3830 rum
176 3752 287 3840 libris,
302 3749 451 3851 plurima
469 3752 617 3825 eandem
631 3749 704 3827 vim
721 3751 946 3850 eundemque
959 3776 1062 3824 usum
1076 3748 1181 3823 etiam

79 3912 175 3960 nunc
191 3884 332 3973 habent,
356 3882 422 3956 alia
447 3909 533 3959 vero
559 3884 833 3984 significationes
860 3882 1032 3982 quasdam
1057 3882 1182 3957 amise-

79 4028 164 4093 runt
179 4014 237 4092 vel
254 4039 364 4089 novas
382 4014 548 4092 videntur
564 4017 756 4117 accepisse.
797 4017 872 4091 Sed
889 4043 1002 4092 novae
1018 4015 1110 4091 istae
1135 4016 1181 4089 si-

80 4148 325 4251 gnificationes
341 4149 410 4246 jam
425 4145 557 4246 passim
571 4157 712 4223 exstant
720 4149 757 4220 in
768 4149 905 4223 mediae
919 4150 1046 4225 aetatis
1059 4175 1180 4221 monu-

80 4281 228 4387 mentiS,
259 4305 473 4380 quamquam
503 4305 676 4380 persaepe
706 4279 743 4352 in
773 4280 895 4358 lexicis
925 4282 1179 4359 desiderantur.
