2700 4672
203 255 273 330 138

198 448 290 518 cliuo
317 467 388 527 me,
413 459 581 540 practerea
598 443 740 535 pendeo.
785 447 941 513 Ducenda
962 459 1012 513 est
1032 468 1096 512 vox
1117 467 1139 512 a
1160 458 1305 514 veterum

199 564 322 654 adnm,
340 591 540 657 quamquam
565 589 633 636 nou
659 571 869 660 improbabile
889 573 1029 652 videtur,
1050 582 1219 655 utramque
1240 573 1305 637 sor·

199 717 288 765 mam
301 702 374 783 jam
395 709 537 761 veterum
558 715 638 760 aevo
658 695 833 772 exstitisse,
855 695 910 778 qui
930 684 1042 776 ματρὸς
1061 706 1094 758 et
1116 686 1251 776 σμικρὸς
1270 706 1304 760 et

199 820 267 888 aliu
298 822 497 908 untrpubant
523 817 694 899 vocabula,
727 819 841 902 quibus
868 837 892 878 o
917 831 1046 905 praeter
1078 818 1304 882 necessitatem

200 944 295 1010 nodo
316 944 502 1023 addebatur,
524 942 620 1006 modo
641 941 833 1007 demebutur.
862 975 907 989 —
936 941 989 1006 Dc
1010 932 1136 1002 &auom
1158 943 1197 1005 ci.
1222 960 1302 1026 quac

200 1068 341 1133 diximus
362 1066 404 1130 ad
426 1084 507 1131 vers.
529 1061 605 1128 374.

329 1186 375 1252 V.
397 1184 472 1254 398.
515 1177 641 1262 suamet
660 1183 801 1272 explicui
821 1206 903 1251 vers.
929 1185 1002 1252 191.

332 1310 375 1376 V.
398 1308 475 1376 399.
519 1309 571 1377 Dc
594 1296 691 1373 idone
718 1311 759 1372 cf.
783 1327 863 1391 quae
885 1312 1090 1395 exposuimus
1111 1308 1153 1372 ad
1175 1329 1203 1375 v.
1227 1307 1300 1375 369.

333 1432 376 1498 V.
400 1431 476 1499 400.
520 1422 668 1494 adm
691 1432 925 1495 recentioribus
941 1443 1019 1495 sunt
1032 1451 1125 1507 ossa,
1139 1423 1230 1493 ὀστᾶ.
1253 1432 1301 1496 ct.

199 1556 349 1643 Ducang.
373 1556 479 1621 Gloss.
502 1555 544 1620 ad
565 1555 674 1641 script.
695 1553 777 1617 med.
800 1565 835 1619 et
854 1555 913 1618 inf.
936 1554 993 1618 Gr.
1016 1554 1108 1619 Tum·
1131 1555 1148 1618 I
1170 1576 1203 1643 1).
1227 1553 1301 1636 68⁰,

200 1681 257 1746 ubi
277 1692 388 1746 tumeu
409 1676 495 1744 male
514 1666 656 1738 κόκαλον
676 1689 845 1743 exaratum
865 1688 925 1741 est.

333 1800 375 1871 V.
398 1798 474 1865 401.
519 1789 696 1871 dudonem
723 1800 809 1887 apud
836 1800 937 1864 aostri
972 1802 1126 1888 temporis
1159 1801 1301 1865 Graecos

200 1936 252 1991 cst
272 1920 458 2011 rtsupinus,
478 1911 591 1994 &aroc
635 1921 695 1988 Sic
716 1935 751 1990 et
771 1915 951 2004 ἁνάσκελα,
974 1925 1056 2006 quod
1079 1923 1302 1989 adverbialiter

147 2032 153 2041 ⁹
201 2045 257 2113 hic
283 2046 433 2136 ponitur,
462 2045 716 2131 intelligendum.
768 2045 902 2110 orosius
930 2047 971 2111 ad
999 2047 1140 2112 litteram
1163 2047 1303 2111 reddidit

200 2164 356 2236 cruribus
369 2188 498 2235 sursum
507 2166 685 2257 porrectis.
718 2166 779 2233 Sic
793 2169 831 2233 im
842 2169 989 2235 Historia
1001 2171 1171 2257 Apollonii
1192 2169 1301 2253 Tyrii:

350 2282 408 2354 nui
428 2283 595 2355 ἀνάσκελα
614 2279 794 2368 uuxdpuovrt
815 2279 963 2375 νάμορφα
982 2283 1155 2376 παλικάρια

202 2436 297 2500 quem
318 2415 425 2481 locum
446 2417 636 2500 Ducangius
651 2436 679 2479 s.
693 2413 727 2479 h.
737 2435 768 2479 v.
785 2416 890 2500 citans
911 2417 961 2480 sic
976 2417 1137 2499 corrigere
1154 2416 1303 2486 debebatt

350 2562 384 2600 κι
405 2527 573 2604 dodonem
593 2527 637 2598 uui
657 2530 818 2598 miraturus
838 2530 862 2598 τ’
887 2524 1013 2621 duosque
1033 2526 1242 2620 παλλψαὶρια.

200 2624 439 2742 ἁπλῶθηκεῑιιῑ
460 2682 554 2729 versu
575 2658 651 2726 391.
674 2695 719 2709 -
739 2653 908 2745 §eumden
931 2664 1160 2751 interpretatus
1176 2682 1250 2727 sum
1265 2663 1305 2728 cd

200 2806 281 2852 vers.
304 2784 359 2852 99.

332 2906 375 2974 V.
399 2904 475 2972 403.
520 2893 621 2966 ἔσωσε
643 2902 781 2972 inuasit.
826 2908 903 2975 Vid.
925 2910 1061 2974 advers.
1079 2905 1131 2972 99.
1155 2897 1306 3026 λεεαηᾶρι

202 3035 242 3098 ob
264 3031 428 3114 syniaesin
449 3050 509 3117 pro
531 3019 681 3110 λεοισάρι.
725 3031 803 3096 vid.
833 3034 874 3097 ad
895 3031 1030 3115 Dialogi
1051 3051 1132 3095 vers·
1159 3031 1188 3094 1.
1234 3033 1306 3098 Hoc

201 3141 352 3235 iscomdoa
385 3151 437 3216 vel
469 3141 649 3234 λεοωτάριον
680 3154 909 3220 deminutivum
954 3166 1004 3218 cst
1043 3153 1188 3218 vocabuli
1214 3149 1306 3219 λέων.

201 3275 283 3341 Pari
296 3275 438 3358 syniaesi
450 3275 625 3362 Gallorum,
635 3279 830 3343 consuetudo
852 3274 929 3341 lieu.
945 3299 986 3341 ex
1007 3277 1112 3340 latino
1129 3272 1239 3342 leonis
1252 3300 1308 3353 uo-

201 3397 289 3464 mine
311 3398 397 3462 fecit

333 3519 376 3584 V.
400 3517 476 3586 404.
520 3510 648 3583 deducu
668 3517 723 3582 hic
742 3536 864 3600 quoque
886 3529 936 3582 est
958 3514 1004 3593 iu,
1026 3525 1160 3595 contra,
1184 3519 1309 3590 adver.

201 3666 265 3711 sus.
314 3644 364 3709 cf.
386 3664 468 3710 vm,
491 3641 567 3710 286.
589 3673 634 3687 -
656 3627 808 3719 ἀπόλυσε,
829 3651 865 3704 ut
880 3660 973 3705 versu
988 3639 1062 3707 375.
1086 3677 1131 3691 -
1152 3631 1307 3728 frodoino
1344 3648 1346 3653 '

202 3769 226 3833 i.
247 3788 276 3832 e.
299 3754 471 3848 βούρλινον.
514 3763 549 3830 Α
562 3764 762 3828 substantivo
785 3760 931 3846 βοῧρλον,
954 3765 1038 3848 quod
1059 3765 1198 3853 legimus
1213 3789 1308 3836 versu

202 3886 281 3971 974,
303 3890 465 3957 derivatur
486 3886 678 3970 adjectivum
700 3877 871 3967 βούρλινος,
889 3888 1040 3973 lituceus·
1344 3942 1346 3957 .

334 4013 378 4076 V.
401 4007 477 4076 405.
520 3998 640 4069 meudo’
667 4008 809 4095 explicui
837 4030 866 4073 v.
897 4009 1035 4075 55.
1072 4001 1169 4075 tuom
1198 4015 1239 4078 cs.
1269 4015 1309 4081 ad

180 4150 286 4199 vers
310 4131 458 4199 359.
486 4126 630 4214 ἕβγῆκαν
652 4127 673 4196 3
695 4150 778 4219 pers.
800 4131 844 4220 pl.
866 4153 934 4200 eor.
957 4136 1024 4202 iud.
1048 4138 1135 4203 vorbi
1157 4129 1309 4219 ε’βγαίνω,

75 4234 95 4375 b
202 4255 289 4338 quod
310 4253 450 4343 tegimus
469 4272 566 4321 versu
590 4251 654 4322 178
675 4263 708 4320 ct
729 4253 817 4322 alibi
