2700 4672
1037 250 1044 261 ⁸
1113 258 1173 310 xo!

68 425 153 503 laris
183 427 324 528 linguae
355 450 501 526 graecae
534 424 753 524 composuit,
785 424 851 501 luit
876 425 1001 502 Simon
1025 426 1171 506 Portius

68 558 264 634 Cretensis.
324 557 436 648 Hanc,
470 583 563 656 quae
597 556 686 633 levis
723 566 861 635 tantum
896 561 1068 633 momenti
1105 571 1172 652 est,

67 689 277 791 Ducangius
315 687 501 764 Glossario
541 713 608 763 suo
646 688 838 787 praemisit
891 690 1065 789 Ejusdem
1095 691 1172 767 lere

66 832 174 897 notae
198 831 283 896 sunt
306 821 545 920 posteriorum
571 816 890 894 Grammaticorum
920 825 1173 915 commentarii,

67 955 132 1051 qui
155 963 298 1052 praeter
321 951 419 1040 salsa,
446 976 536 1050 quae
558 950 719 1041 tradunt,
754 951 944 1026 obscuram
967 953 1075 1027 modo
1106 955 1171 1055 lin-

68 1110 160 1183 guae
184 1082 290 1182 hujus
316 1083 503 1180 imaginem
527 1082 710 1183 praebent.
763 1082 931 1183 Namque
962 1108 1086 1160 eorum
1110 1112 1170 1160 eu-

67 1225 186 1290 ctores
212 1239 258 1289 ex
282 1215 416 1315 paucis,
440 1239 534 1314 quos
549 1213 719 1315 legerant,
743 1212 843 1290 libris
862 1215 932 1291 boc
946 1215 1044 1318 vulgi
1059 1216 1172 1293 Grae·

67 1372 190 1423 corum
228 1372 393 1421 sermone
430 1346 601 1421 conlectis
643 1344 917 1421 Grammaticam
958 1348 1172 1426 concinnare

65 1479 146 1554 nusi
170 1488 263 1554 sunt
311 1478 401 1552 Inde
436 1477 569 1553 sactum
606 1486 679 1567 est,
712 1486 753 1551 nt
787 1477 827 1552 bi
860 1474 969 1553 libelli
999 1481 1172 1557 obessent

64 1611 180 1711 magis
210 1601 422 1699 lectoribus,
453 1634 559 1710 (pram
590 1607 815 1708 prodessent.
872 1609 972 1684 Talia
1003 1621 1087 1685 sunt
1112 1612 1170 1686 illa

70 1740 329 1816 Tribdccbooii
351 1740 472 1819 brevia
497 1740 636 1841 linguae
662 1766 808 1842 graecae
823 1738 979 1842 vulgaris
997 1740 1170 1817 elementa

64 1873 179 1950 Jenne
208 1876 300 1946 1705
325 1873 421 1972 typis
447 1873 635 1972 descripta.
681 1873 780 1948 Talis
798 1883 836 1946 et
850 1871 933 1947 Joh.
950 1870 1172 1949 Mich.'Lan=

13 2082 17 2091 ,
66 2004 116 2106 gii
142 2004 337 2104 Philologia
361 2003 647 2104 Barbarograeca
670 2004 893 2105 Noribergae
923 2014 962 2079 et
985 2005 1114 2080 Altonli
1139 2034 1169 2081 a.

68 2138 163 2210 1707
189 2145 227 2210 et
252 2139 356 2225 1708,
380 2139 404 2205 2
428 2144 513 2209 tom.
538 2135 571 2209 4.
598 2128 702 2211 edita.
752 2137 911 2237 Longius
937 2137 1170 2213 exDemetrii
1195 2206 1207 2215 ..

57 2244 158 2343 ¹Zeni
174 2266 310 2368 vulgari
327 2266 744 2367 Batrachomyomacbiae
761 2268 968 2369 paraphrasi
987 2279 1171 2370 utcunque

63 2399 245 2475 intellecta
270 2409 379 2499 atque
402 2398 670 2473 etranslatione
694 2401 779 2478 novi
802 2402 1007 2476 testamenti
1031 2401 1068 2474 in
1092 2430 1172 2478 ver·

64 2531 230 2606 naculum
264 2530 483 2606 Graecorum
519 2530 674 2631 linguam
705 2559 726 2604 a
755 2530 914 2607 Maximo
946 2533 1170 2634 Calliupolita

65 2658 173 2755 factaj
195 2689 286 2764 quoe
311 2687 404 2736 anno
432 2663 526 2734 1638
551 2661 728 2735 sumtibus
754 2660 932 2737 Ordiuum
956 2662 1073 2763 Belgii
1097 2664 1172 2738 foe·

65 2794 180 2870 «lereti
204 2820 334 2870 excuso
361 2803 427 2883 est,
453 2792 714 2895 grammaticam
737 2795 894 2868 recentis
911 2794 1052 2894 linguae
1072 2822 1172 2896 grae-

66 2954 131 3001 cae
156 2915 368 3028 componere
393 2950 466 3000 non
491 2925 673 3001 dubitavit
729 2923 858 3025 Qualis
888 2925 998 3027 igitur
1028 2930 1106 3026 ejus
1131 2928 1171 3003 li-

65 3061 133 3135 ber
156 3060 220 3150 sit·
238 3059 332 3133 baud
358 3057 500 3132 dillicile
524 3056 685 3132 divinato
710 3066 776 3131 est.
824 3054 1001 3132 Nimirum
1030 3059 1170 3137 mendis

66 3192 184 3266 omnis
218 3190 359 3290 generis
394 3189 560 3263 abundat.
618 3189 779 3262 Fuerunt
804 3198 842 3262 et
866 3189 1072 3266 sacerdotes
1096 3192 1171 3269 Ro-

67 3322 173 3412 unani,
187 3322 250 3422 qui
273 3322 311 3395 in
336 3320 540 3420 hujusmodi
565 3318 746 3420 opusculis
769 3322 1036 3398 conscribendis
1051 3350 1172 3401 versa·
1216 3325 1224 3341 '

66 3464 202 3530 rentur.
255 3454 299 3527 ln
330 3480 453 3528 eorum
483 3479 632 3527 numero
663 3462 720 3527 est
749 3452 792 3525 P.
822 3451 1037 3544 Mercodus,
1069 3459 1171 3554 cujus

67 3586 316 3662 Institutiones
353 3585 494 3688 linguae
531 3585 691 3659 Graecae
721 3583 876 3683 vulgaris
906 3584 1044 3657 Romae
1076 3589 1172 3659 1732

66 3718 183 3793 lucem
207 3718 383 3793 viderunt.
432 3718 595 3817 Scriptor
618 3714 775 3788 libellum
800 3739 903 3788 suum
927 3714 1064 3791 Mariae
1085 3717 1173 3792 Dei-

67 3874 175 3949 parae
199 3848 384 3930 dedicavit.
435 3847 580 3924 Etenim
612 3848 855 3948 superioribus
888 3846 1039 3922 saeculis
1070 3852 1173 3927 multi

69 3980 241 4055 ecclcsiae
278 3981 460 4055 Romanae
498 3980 704 4056 sacerdotes
736 3979 774 4052 iu
805 3979 991 4055 Graeciam
1020 3971 1172 4059 subinde

68 4111 396 4214 proficiscebantur,
421 4135 463 4183 ea
486 4120 615 4199 mente,
639 4121 680 4185 ut
705 4110 864 4186 Graecos
888 4111 995 4188 minis
1025 4140 1067 4189 ae
1098 4115 1173 4216 pol-

67 4244 323 4322 licitationibus
347 4241 517 4320 lormulae
540 4242 723 4318 Romanae
749 4267 789 4317 se
814 4242 979 4321 addicere
1002 4257 1112 4347 atque
1135 4248 1173 4322 in
