2700 4672
182 253 234 327 86

183 449 268 538 apud
289 458 420 513 nostrae
442 414 624 539 mern-effi
642 444 783 518 Graecos
809 443 988 528 signifieat:
1007 439 1126 527 perdo,
1150 438 1285 518 eraitto,

178 573 355 659 jucturam
376 565 522 658 alicujus
543 538 592 632 rei
605 562 732 656 focio,⁸
759 568 922 654 passivum
944 586 1040 651 saepe
1067 566 1157 628 reddi
1179 578 1286 651 potest

180 713 294 781 pereo.
338 691 495 776 Exempla
516 690 670 773 quaedam
692 710 735 753 ex
755 690 980 754 vetustioribus
1002 690 1107 775 poetis
1126 689 1288 752 Barbaro-

70 794 76 799 ⁵
185 816 312 900 graecis
344 813 481 900 protulit
510 809 699 897 Dueangius
733 812 825 876 Tem.
853 811 888 875 II
919 833 950 898 p.
987 808 1081 877 1723.
1128 810 1177 874 ct.
1201 813 1288 874 intra

185 957 281 1002 verss.
305 932 381 1016 961,
407 934 480 1000 177.

317 1055 361 1120 V.
388 1056 461 1122 117.
505 1047 570 1117 σὰν
591 1076 650 1143 pro
672 1045 762 1114 aede
784 1053 838 1118 hie
859 1053 1035 1142 temporale
1062 1066 1112 1117 est
1137 1062 1191 1130 ut,
1219 1052 1291 1132 oti,

183 1186 377 1268 postquam.
424 1179 471 1245 Ci.
494 1201 575 1263 quae
598 1179 832 1242 observavimus
854 1178 1001 1262 superius
1025 1175 1290 1266 11161812.-

188 1294 290 1373 θέλεις
310 1298 395 1381 qaod
413 1298 590 1388 gaudebis·
634 1300 676 1364 ln
698 1299 750 1373 his
772 1300 876 1364 verbis
891 1296 986 1380 καρῆ,
1010 1302 1100 1382 eujus
1122 1299 1193 1361 loeo
1208 1319 1290 1363 non-

189 1423 273 1488 nulli
294 1419 399 1505 καρῆν
420 1436 454 1488 et
475 1424 572 1489 hodie
593 1423 739 1488 scribunt
760 1434 793 1486 et
816 1422 894 1485 olim
908 1423 1115 1507 seripserunt,
1138 1420 1224 1486 nihil
1240 1434 1291 1485 est

188 1545 255 1608 nisi
277 1544 462 1613 Infinitivus
483 1547 624 1620 Doricus
645 1545 759 1639 aoristi
779 1546 901 1630 passivi
923 1564 982 1629 pro
1004 1541 1152 1622 χαρῆναι.
1205 1541 1291 1607 Vide

186 1664 293 1730 Koen.
315 1664 357 1731 ed
380 1667 514 1753 Gregor.
538 1664 687 1732 Corinth.
710 1688 742 1753 p.
760 1663 835 1730 310.
858 1666 906 1729 ed.
931 1663 1088 1730 Sohaeser
1107 1676 1140 1727 et
1154 1662 1293 1728 Carnem

190 1788 231 1854 ad
248 1788 422 1877 Ptoehopr.
437 1810 469 1874 p.
487 1787 549 1854 158
564 1809 651 1871 seqq.
672 1823 716 1839 -
737 1788 789 1853 De
810 1779 956 1868 περίσσια
979 1788 1047 1851 dixi
1069 1786 1110 1849 ad
1132 1805 1213 1848 vers·
1237 1783 1291 1850 86.

322 1911 364 1973 V.
393 1908 463 1975 118.
506 1900 542 1971 16
561 1905 641 1992 ’ppo
662 1930 720 1997 per
741 1908 933 1994 aphaeresin
960 1929 1019 1996 pro
1047 1897 1081 1969 rh
1108 1894 1193 1988 ipyor
1217 1904 1293 1970 exi.

191 2037 262 2106 tus,
291 2030 478 2097 vocabulum
504 2035 544 2097 ah
571 2024 711 2115 ἐβγαίνω
738 2049 824 2095 exeo
847 2031 1058 2110 descendens,
1081 2031 1164 2111 quod
1186 2031 1293 2115 ipsum

192 2153 425 2238 depravatione
440 2154 529 2240 vulgi
550 2157 683 2242 propria
704 2164 816 2218 tratum
844 2165 894 2217 est
915 2175 957 2218 ex
987 2154 1118 2234 antiquo
1146 2143 1292 2232 ἐκβαίυω.

191 2270 307 2338 Exstat
336 2273 417 2341 haee
438 2298 501 2342 vox
523 2279 560 2342 in
582 2276 726 2341 Carmin.
744 2275 903 2363 popular.
927 2277 1020 2339 Tom.
1033 2274 1067 2338 ll
1089 2295 1121 2361 p.
1148 2272 1219 2338 169.
1241 2275 1297 2360 ed..

191 2395 330 2465 Fauriel.
352 2432 398 2445 -
418 2398 471 2465 De
485 2399 568 2464 'voco
591 2385 715 2478 ἕμορφα
735 2399 789 2482 egi
811 2399 853 2464 ad
874 2418 956 2462 vers.
979 2395 1033 2462 36.
1063 2431 1104 2444 -
1126 2388 1294 2458 καυίσκιον

103 2607 107 2611 ¹
192 2515 255 2582 hoe
276 2518 346 2583 loeo
369 2541 435 2584 non
458 2523 605 2604 designat
626 2516 824 2600 canistrum,
846 2520 903 2583 sed
924 2516 1124 2605 sportulam,
1146 2513 1292 2581 honora·

193 2635 291 2715 rium,
313 2639 451 2718 donum,
473 2644 512 2711 de
534 2662 597 2728 qua
618 2643 750 2710 notione
766 2661 793 2708 ¹a
814 2643 1045 2708 recentioribus
1068 2640 1144 2703 huie
1165 2643 1292 2704 nomini

193 2763 314 2826 tributa
343 2765 471 2854 copiose
499 2764 672 2854 disputavit
703 2761 893 2847 Ducengius
927 2764 964 2826 in
990 2763 1132 2826 Glossar.
1160 2763 1295 2828 Toml

150 2947 152 2950 Α
191 2902 264 2969 pag.
288 2883 364 2952 575.
764 2957 770 2960 ,
1088 2957 1089 2960 ¹

295 3068 299 3074 ,
325 3003 369 3067 V.
394 3003 468 3070 119.
512 2991 616 3082 ἔπαψε
642 3005 730 3089 vulgi
754 3026 843 3069 more
871 3026 930 3092 pro
959 2993 1087 3078 idaeos.
1131 3001 1294 3068 Similiter

195 3111 319 3209 ἒῧοαψα,
352 3116 492 3205 totusue
524 3139 557 3191 et
581 3126 651 3207 alia
679 3130 828 3211 ejusdem
849 3127 1019 3209 analogiae
1040 3126 1125 3212 apud
1146 3127 1294 3190 indoctos

194 3243 350 3328 hodieque
372 3248 408 3311 in
429 3269 491 3312 usu
511 3261 597 3313 sunt.
642 3249 741 3314 Dooti
763 3250 886 3314 scilieet
908 3248 1056 3312 homines
1086 3251 1126 3322 ah
1149 3248 1201 3313 his
1231 3252 1295 3312 sor-

194 3367 256 3434 mis
285 3369 457 3437 abstinent.
491 3402 535 3417 ·-
572 3371 629 3434 rod
657 3373 679 3434 'a
708 3394 735 3440 e.
765 3364 879 3447 ᾳύτοῦ,
909 3371 1070 3452 genitivus
1097 3354 1157 3455 pro
1185 3366 1294 3435 dativo

194 3480 287 3566 αὐτῷ.
319 3523 363 3536 -·
397 3484 517 3572 γυρίζω
538 3493 694 3557 novitium
716 3461 843 3557 rothum
865 3488 919 3552 hia
941 3489 1027 3552 valet
1049 3485 1197 3554 obverte.
1242 3490 1295 3555 De

194 3610 269 3674 aliis
291 3615 363 3695 ejus
380 3614 673 3697 significationibus
693 3611 766 3679 vide
787 3611 937 3693 Durang.
960 3612 1052 3675 Tom.
1074 3611 1092 3676 1
1119 3634 1151 3698 p.
1173 3610 1239 3675 270
1262 3623 1296 3675 et

193 3735 364 3821 praecipue
394 3734 532 3800 Coreem
559 3737 626 3799 fuse
660 3732 699 3796 de
726 3733 790 3801 hoe
815 3737 913 3820 'verho
939 3735 1150 3798 disserentem
1176 3725 1296 3795 Ἀτακτ.

74 3868 77 3872 ’
169 3901 171 3903 >
194 3853 286 3919 Torn-
309 3853 344 3918 Π
365 3874 439 3940 pag.
462 3855 505 3924 97
527 3887 571 3903 ··-
593 3853 647 3919 99.

324 3973 366 4041 V.
393 3973 465 4042 190.
510 3997 542 4034 m
564 3967 581 4032 ὁ
605 3977 627 4039 1.
651 3998 679 4042 e.
702 3962 758 4037 καὶ
780 3967 807 4032 ὁ.
831 4008 875 4020 -
899 3966 1025 4039 dadae
1046 3976 1097 4041 vel
1119 3976 1216 4064 paulo
1231 3976 1297 4040 ele-

194 4095 325 4175 gantius
346 4083 456 4158 ἁπάνω
479 4097 515 4161 ln
538 4058 688 4169 elheriore
708 4099 885 4180 graecitate
905 4100 1103 4187 praepositio
1131 4110 1164 4162 et
1186 4098 1297 4162 edver-

196 4214 282 4280 hiutn
316 4225 365 4278 est
394 4237 434 4283 ne
465 4218 650 4305 plerumque
682 4219 773 4285 reddi
811 4232 918 4307 potest
952 4222 1145 4299 ditationibus
1183 4238 1298 4307 snper,
