2700 4672
143 229 229 284 xv111

146 399 188 474 In
213 397 269 474 bis
295 394 498 470 nominandi
523 392 690 473 videntur
705 393 838 471 Cumas
865 406 901 470 et
921 393 1253 496 Tlreocbaropulus,

148 556 300 633 quorum
324 527 504 629 posterior
527 526 653 601 libellis
686 527 899 626 quibusdam
930 528 1168 632 grammaticis
1199 529 1254 601 in·

146 661 281 751 notuit,
305 659 404 760 prior
434 686 513 755 cum
545 659 622 734 aliis
650 660 821 758 operibus
852 671 928 735 tum
959 661 1252 736 translationibus

146 795 318 870 librorum
343 791 623 894 germanicorum
648 792 698 865 ita
722 791 768 866 de
794 821 920 894 graeca
943 795 1088 868 natione
1112 795 1253 884 meruit,

148 937 190 1001 nt
213 934 313 1026 grato
336 925 452 998 animo
482 922 632 998 Graecis
664 923 863 1000 diutissime
897 930 974 1026 ejus
1005 926 1173 1001 memoria
1204 928 1255 1003 sit

149 1054 331 1136 servanda.
380 1055 543 1131 Ulterius
568 1057 606 1128 in
630 1055 801 1130 imitando
825 1058 1052 1158 antiquorum
1077 1086 1254 1152 sermone,

149 1215 257 1290 qnam
282 1186 428 1278 Coracs,
453 1213 575 1262 eorum
594 1187 656 1288 qui
680 1190 879 1264 recentiore
894 1190 1014 1293 lingua
1031 1193 1254 1292 scripserunt

149 1320 408 1397 Constantinus
435 1319 666 1396 Oeconomus
691 1347 905 1421 progressus
932 1334 1004 1414 est,
1036 1324 1092 1400 vir
1121 1324 1254 1425 insigni

149 1451 312 1529 facundia
336 1452 535 1553 praeditos,
562 1479 668 1553 quem
697 1464 842 1529 nostrae
872 1456 998 1531 aetatis
1033 1455 1253 1530 Graecorum

149 1584 447 1685 Chrysostomum
462 1583 604 1661 dixeris.
641 1585 768 1662 Plures
783 1590 859 1686 ejus
870 1587 951 1662 libri
963 1586 1132 1662 seruntur.
1157 1587 1254 1663 Nam

150 1717 196 1791 de
233 1727 310 1792 arte
346 1716 523 1791 rhetorica
560 1745 652 1818 opus
690 1721 901 1821 composuit,
927 1720 1107 1795 orationes
1141 1720 1254 1794 eccle-

150 1849 313 1924 siasticas
340 1847 451 1924 edidit
476 1860 513 1925 et
538 1850 583 1925 de
599 1848 759 1927 Graecae
783 1878 825 1925 ac
849 1850 1164 1926 Slavonorussicae
1190 1853 1255 1927 lin-

151 2007 240 2085 guae
265 1982 476 2082 cognatione
501 1995 760 2059 commentatus
791 1992 858 2056 est.
917 1980 1058 2058 Omitto
1083 1983 1149 2057 alia
1175 1987 1254 2084 ejus

150 2112 293 2213 scripta,
319 2138 411 2213 quae
435 2142 509 2189 non
534 2117 650 2193 minus
676 2114 825 2191 celebria
848 2121 942 2188 sunt.
990 2112 1074 2189 Etsi
1090 2141 1176 2193 vero
1195 2116 1255 2192 alii

151 2244 252 2320 aliter
281 2246 376 2320 inter
412 2247 538 2324 doctos
571 2249 789 2326 Graecorum
818 2245 916 2322 viros
951 2247 1114 2322 scribunt
1142 2259 1253 2348 atque

150 2377 355 2479 loquuntur,
381 2389 488 2479 prout
513 2381 727 2468 eruditione,
751 2375 900 2475 judicio,
925 2376 1065 2478 pulchri
1094 2381 1255 2458 venusti.

151 2535 223 2610 que
252 2536 363 2587 sensu
394 2512 489 2588 inter
521 2538 562 2588 se
591 2509 782 2595 dissimiles
812 2488 917 2601 sunt,
943 2508 1032 2584 baec
1056 2519 1176 2583 tamen
1200 2510 1255 2584 di·

149 2643 316 2736 versitas,
352 2672 444 2747 quae
474 2645 585 2746 magis
616 2642 802 2745 magisque
832 2652 1038 2734 evanescet,
1074 2641 1254 2718 neminem

149 2775 423 2880 alienigenarum
459 2775 648 2878 probibere
683 2777 807 2865 debet,
838 2775 1028 2874 quominus
1061 2774 1255 2851 discendae

148 2910 285 3014 volgari
308 2912 448 3013 linguae
465 2933 610 3009 operam
631 2906 703 2982 det.
752 2906 870 2982 Multo
887 2907 982 2981 euim
999 2907 1116 2983 minus
1133 2907 1255 3010 legen.

149 3042 205 3120 dis
232 3046 417 3120 doctorum
442 3039 625 3114 bominum
648 3038 759 3131 libris,
784 3041 822 3114 in
848 3040 976 3141 quibus
1003 3040 1132 3115 cultius
1164 3040 1253 3117 illud

148 3186 186 3253 et
203 3178 385 3276 antiquius
402 3172 543 3247 dicendi
562 3199 674 3273 genus
692 3184 849 3274 apparet,
866 3173 1044 3275 peregrini
1061 3173 1253 3273 proficiunt

145 3307 326 3410 philologi,
352 3328 459 3404 quam
484 3307 743 3406 cognoscendis
769 3307 813 3382 iis
839 3308 1028 3408 operibus,
1061 3331 1152 3404 quae
1176 3303 1254 3403 ple-

145 3440 228 3540 bejo
243 3460 407 3513 sermone
427 3435 560 3537 scripta
575 3449 668 3514 sunt
717 3440 905 3540 Siquidem
922 3438 1060 3540 plebeja
1079 3435 1252 3533 loquendi

144 3565 366 3645 consuetudo
391 3575 464 3642 tam
489 3568 551 3643 diu
575 3570 765 3673 philologis
790 3574 951 3675 ignorata
976 3568 1102 3656 effecit,
1126 3577 1167 3641 ut
1190 3568 1252 3645 vel

114 3756 129 3777 .
144 3698 209 3789 itti,
235 3697 297 3799 qui
320 3698 518 3776 litterarum
549 3731 754 3804 graecarum
784 3705 964 3806 principes
995 3698 1251 3792 salutabantur,

141 3828 180 3901 in
204 3829 434 3930 explanandis
459 3836 715 3937 vertendisque
740 3837 878 3936 antiqui
903 3844 940 3909 et
956 3831 1063 3906 medii
1081 3831 1158 3910 aevi
1175 3859 1252 3908 mo-

139 3963 320 4039 numentis
346 3967 575 4068 gravissimos
600 3968 791 4069 aliquando
817 3993 956 4043 errores
979 3965 1047 4041 sibi
1065 3965 1171 4064 objici
1187 3993 1251 4069 pa-

139 4092 312 4172 tenentur.
343 4097 463 4199 Quem
480 4102 589 4203 igitur
604 4127 709 4176 usum
731 4103 910 4204 praebeat,
928 4109 1135 4201 quantoque
1152 4124 1251 4174 com·

139 4226 247 4302 modo
277 4230 326 4306 sit
357 4232 508 4310 eruditis
540 4236 770 4336 conjunctum
800 4234 934 4314 veteris
965 4242 1002 4307 et
1032 4230 1249 4312 recentioris
