2700 4672
1176 335 1222 406 53

120 523 264 585 dromum
285 517 309 582 1.
332 537 411 582 vers.
434 516 488 598 87,
518 519 559 582 ad
587 538 679 601 quem
701 519 807 586 locum
830 525 867 585 cl.
892 522 1008 590 Corsis
1028 529 1101 591 adn.
1149 529 1219 594 Dif-

118 645 180 706 fert
202 642 283 706 illud
304 634 383 700 ὀποῦ
404 643 444 705 ab
467 630 560 725 dccco,
579 647 669 725 cujus
691 644 824 724 antiqua
844 649 1000 714 remansit
1021 651 1086 731 vis,
1112 662 1146 714 ct
1166 672 1217 716 ao·

119 776 214 829 centu
235 776 268 829 ct
289 761 538 846 significatione.
589 763 679 827 Haec
706 765 902 847 differentia,
930 768 1008 833 licet
1037 791 1056 833 a
1085 771 1217 839 Graccis

117 899 250 950 nostrae
270 885 389 950 aetatis
409 895 563 970 perpetuo
587 889 786 968 observetur,
815 908 912 975 saepe
940 895 1113 964 tamenin
1134 898 1217 961 anti.

118 1011 265 1091 quiorum
291 1007 383 1071 libris
411 1004 538 1090 vulgari
563 1028 710 1071 sermone
732 1012 862 1096 scriptis
891 1012 1111 1092 confunditur,
1139 1017 1218 1080 adeo

118 1142 153 1194 ιιι
176 1131 335 1216 imprimis
357 1117 437 1187 dxcv
458 1141 625 1196 exaratum
647 1133 801 1216 reperias,
831 1133 886 1196 ubi
908 1125 988 1193 beot
1007 1136 1106 1199 scribi
1128 1155 1219 1221 opor·
1299 1212 1302 1217 ,
1339 1120 1346 1169 2

117 1255 209 1316 tebat.
254 1250 325 1315 Hoc
353 1251 458 1336 ipsum
486 1252 674 1316 documento
696 1275 768 1323 esse
788 1264 909 1340 potest,
938 1275 1117 1343 pronomen
1138 1257 1221 1322 illud

118 1367 196 1433 ὁποῢ
222 1395 264 1437 cx
293 1373 443 1436 adverbio
471 1371 536 1436 loci
566 1362 646 1432 dcccv
671 1385 783 1438 natum
811 1396 890 1440 esse.
942 1378 1033 1453 Quae
1055 1397 1150 1459 quum
1172 1382 1220 1444 ita

118 1497 199 1575 sint,
229 1494 282 1558 hic
311 1512 433 1575 quoque
461 1513 638 1559 servassem
667 1484 762 1572 ὅπου,
788 1499 818 1560 si
846 1499 882 1562 in
910 1510 1001 1564 textu
1022 1489 1218 1587 reperissem.

117 1617 166 1683 At
193 1617 345 1699 quoniam
371 1617 555 1701 superiores
582 1616 722 1681 editores
749 1619 873 1683 nullum
900 1623 1032 1708 apicem
1051 1621 1128 1686 huic
1149 1625 1219 1687 voci

118 1749 399 1826 superposuerunt,
421 1731 501 1797 ὀποῦ
520 1739 670 1825 praetuli,
682 1762 816 1827 sperans
839 1745 907 1808 iore
928 1756 975 1824 ut,
997 1746 1052 1824 qui
1073 1743 1155 1808 haec
1175 1745 1221 1808 le·

119 1873 207 1945 gent,
229 1872 380 1940 metrum,
404 1861 487 1942 quod
514 1863 619 1947 prima
646 1864 755 1950 specie.
781 1864 962 1930 claudicare
984 1867 1125 1947 videtur,
1147 1886 1219 1952 pro·

118 1984 326 2047 nemciatione
348 1985 516 2048 restituere
538 1987 652 2050 scient.
694 1986 833 2050 ‘Pariter
854 1985 981 2056 Rbnus
1003 1990 1039 2057 in
1060 1991 1218 2074 Aspasia:

117 2098 145 2165 κ’
169 2098 273 2164 αὐτῶν
293 2099 312 2180 ἡ
334 2095 396 2180 ζωὴ
419 2092 538 2164 ἔπαυσε
559 2098 615 2166 καὶ
636 2104 697 2166 τῶν
717 2098 824 2187 ἡρώων
845 2096 934 2168 ὅλων.

250 2225 425 2287 Καιοικοῦυ
452 2229 555 2292 forma
579 2229 722 2312 vulgaris
750 2250 810 2315 pro
836 2229 1020 2291 κατοικοῦιί
1047 2227 1219 2308 habitant,

119 2359 156 2412 ut
176 2367 217 2428 ru
218 2345 287 2408 ιοῦν
307 2369 365 2435 pro
388 2345 510 2428 τιμῶσι,
530 2343 648 2430 be‘yovu
669 2370 727 2436 pro
749 2345 889 2430 λέγουσι

250 2470 290 2533 ln
312 2462 445 2533 verbis’
447 2463 508 2540 ω’
532 2457 648 2554 dpoci.
669 2493 696 2536 e
725 2466 768 2541 εἷς
793 2462 828 2532 ιό
857 2459 927 2553 dpoc
955 2475 1151 2561 praepositio
1179 2471 1221 2549 εἰς

119 2595 189 2659 vico
211 2594 357 2677 fungitur
378 2596 458 2675 ejus,
481 2613 576 2674 quam
599 2595 723 2675 antiqui
744 2595 787 2656 ad
809 2595 947 2678 quietem
969 2598 1005 2658 in
1027 2596 1134 2678 aliquo
1149 2597 1220 2661 loco

119 2717 324 2780 indicandam
345 2717 558 2802 applicarunt.
608 2715 702 2780 Raro
728 2715 854 2779 scilicet
882 2716 998 2781 Graeci
1026 2720 1221 2781 recentiores

119 2839 240 2903 Dativo
260 2839 379 2927 privati
400 2839 673 2925 praepositionem
695 2833 729 2898 ἐν
751 2837 920 2920 adhibent,
943 2841 973 2903 si
995 2860 1016 2904 a
1038 2841 1221 2903 nominibus

120 2961 256 3042 urbium,
278 2963 329 3025 cui
354 2964 394 3025 ab
416 2961 550 3024 eruditis
572 2961 751 3046 illaadjici
773 2961 865 3042 solet,
889 2972 983 3044 atque
999 2982 1019 3027 a
1035 2962 1222 3052 quibusdam

120 3082 271 3164 loquendi
293 3084 464 3166 generibus
486 3085 666 3147 recesseris.

253 3202 295 3264 V.
317 3201 346 3265 lt.
390 3195 540 3284 Deymrl
556 3205 628 3267 vide
641 3224 722 3286 quae
735 3206 875 3272 diximus
890 3208 1023 3273 advers
1040 3208 1070 3271 7.
1088 3206 1219 3289 dialogi.
1294 3255 1298 3263 ,

253 3314 389 3406 δύνωμαι
410 3327 518 3390 rarior
539 3328 643 3392 forma
663 3347 722 3414 pro
744 3317 903 3414 δύναμαι,
932 3333 1022 3413 qu'us
1049 3341 1081 3393 et
1106 3330 1222 3394 Deme·
1243 3327 1253 3335 “
1278 3336 1280 3341 “

122 3448 203 3510 ttius
230 3447 386 3512 Nicolaus
419 3449 577 3513 Durvaris
609 3451 807 3514 mentionem
840 3451 962 3514 facit·
952 3471 988 3517 ιιι
1016 3446 1223 3528 ιραιιιιαιικῇ

122 3563 345 3649 ἁπιοελιινικιι
325 3589 438 3656 ppag
463 3570 599 3635 187.-
557 3561 801 3651 -ιογαριάζω
830 3571 915 3657 apud
942 3557 1137 3633 recentiores
1159 3580 1222 3631 est:

121 3703 268 3777 supputo,
292 3703 451 3777 computo,
474 3689 661 3771 numero,r
642 3708 807 3753 mecenseo
1028 3704 1031 3709 '

185 3862 187 3866 e
253 3812 334 3874 V
318 3835 348 3879 c
393 3810 448 3872 rob
467 3800 543 3894 ’Ἄρη
575 3813 752 3930 vulgariter
778 3831 837 3898 pro
867 3807 924 3870 roi>
942 3768 1057 3889 ’Ἂριος
1107 3808 1223 3874 Servat

122 3935 209 3997 onim
232 3933 321 4017 vulgi
343 3937 535 4000 consuetudo
557 3926 654 4022 saepe
680 3938 716 3998 in
739 3935 864 3998 casibus
893 3933 1029 4014 obliquis
1058 3933 1224 3995 nominum

122 4057 326 4142 propriorum
348 4055 507 4136 vocalem,
531 4076 626 4138 quam
651 4056 842 4120 nominativi
869 4055 1044 4138 singularis
1073 4055 1223 4119 termine-

123 4179 170 4240 tio
194 4179 344 4242 continet.

191 4358 195 4365 ι
254 4300 296 4362 V.
319 4299 349 4364 6.
392 4294 514 4370 Ὀιιοῖος
534 4299 618 4365 nihil
634 4301 688 4364 hic
704 4311 754 4364 est
768 4301 833 4364 nisi
847 4317 1024 4386 pronomen
1046 4297 1223 4373 relativum,
1285 4315 1302 4387 ’1
