2700 4672
1161 275 1231 356 tre

123 467 218 531 nobis
242 467 304 529 erit
328 484 523 551 persuasum,
547 464 609 528 hae
630 477 722 551 parte
745 469 828 553 opud
850 449 973 532 veteres
1001 470 1156 533 aoristurn
1185 473 1226 536 ad

124 590 285 672 quandam
297 589 474 673 imperfecti
480 589 725 652 similitudinem
738 593 919 655 accessisse.
944 592 1036 655 Licet
1050 593 1139 656 enim
1151 614 1224 657 con-¹

122 713 225 776 traria
245 713 312 774 sint
333 713 552 796 imperfectum
575 723 607 774 ct
629 711 778 791 aoristus,
797 733 891 794 quum
904 713 983 778 illud
996 717 1079 778 inre
1094 717 1223 795 inlecto,

121 834 285 913 inchoata,
309 835 444 897 durante
468 834 518 897 vel
541 835 669 919 saepius
692 835 868 910 eveniente,
891 835 945 898 hic
968 837 1003 898 in
1026 858 1060 900 re
1082 840 1168 902 lectu
1190 851 1224 901 et

121 957 281 1036 absoluta,
310 956 408 1019 semel
436 970 468 1020 et
495 957 647 1020 velociter
675 968 841 1020 transacto
868 968 1026 1039 versetnr3
1056 962 1222 1024 tamenin

121 1079 183 1144 hoc
216 1081 342 1166 poetico
370 1102 444 1160 usu,
482 1099 575 1162 quem
609 1081 725 1142 summi
753 1081 851 1142 etiam
880 1082 1038 1166 pedestris
1066 1083 1222 1145 orationis

112 1205 297 1291 scriptores
321 1204 356 1265 in
377 1203 486 1266 multis
509 1202 659 1283 loquendi
683 1192 853 1284 generibus
881 1214 1076 1286 agnoscunt,
1105 1206 1221 1268 utrius-

121 1348 181 1409 que
210 1327 362 1411 temporis
397 1325 551 1408 quaedam
580 1325 740 1409 reperitur
773 1327 1000 1406 congruentia,
1033 1346 1223 1408 quamquam

120 1470 200 1531 qnae
222 1449 373 1531 adjuncta
395 1458 445 1511 est
467 1448 647 1526 diversitas
673 1449 806 1509 obscura
828 1467 899 1509 esse
921 1450 1042 1528 nequit.
1092 1450 1223 1515 Etenim

119 1575 323 1636 siccescere
346 1592 384 1632 ac
406 1570 563 1633 solemnia
585 1571 633 1632 sie
655 1586 878 1647 memoramus,
894 1581 930 1632 ut
952 1591 990 1632 ea
1005 1570 1069 1634 soli
1085 1575 1222 1658 tempori
1308 1613 1312 1621 -

119 1707 249 1784 peraeto
278 1694 489 1774 ascribamus,
520 1694 662 1776 gentium
689 1690 786 1755 simul
812 1690 864 1756 vel
890 1692 1093 1777 singulorum
1119 1691 1221 1769 homi·

120 1839 198 1881 nmn
220 1817 275 1898 qui
297 1815 371 1897 quid
395 1816 500 1878 facere
522 1814 677 1908 salchem,
701 1817 863 1879 mentione
882 1817 1013 1900 injecta,
1037 1817 1221 1904 imperfecto

121 1941 211 2003 locus
234 1939 428 2019 conceditur,
452 1924 571 2002 aoristo
595 1951 712 2018 ornem,
736 1940 776 2019 si,
799 1940 882 2019 qnod
904 1940 1046 2004 solemne
1069 1952 1102 2004 et
1124 1943 1221 2006 usita-

119 2064 188 2126 tum
215 2061 429 2148 appellamus,
457 2082 524 2125 non
552 2064 745 2147 praeteritae
775 2072 900 2124 tantum
929 2066 1027 2127 aetati
1039 2038 1222 2156 *proprium

120 2185 262 2264 videtur,
293 2185 349 2246 sed
373 2184 477 2262 omnis
500 2163 553 2246 est
574 2187 645 2246 aevi
676 2186 879 2264 omniumque
907 2187 1107 2248 saeculorum
1135 2207 1222 2250 com-

119 2328 225 2372 mune.
281 2306 360 2369 lnde
396 2307 616 2386 consequitur,
649 2318 685 2368 ut
716 2307 745 2369 si
781 2305 866 2366 hanc
898 2306 1000 2368 solam
1034 2309 1221 2393 respicimus

119 2431 283 2510 utriusque
305 2430 458 2515 temporis
481 2431 555 2503 vim,
577 2448 740 2508 nunquam
764 2424 982 2513 imperfectum
1002 2430 1144 2511 quadret,
1168 2434 1221 2494 ubi

119 2554 259 2617 aoristus
288 2553 543 2616 accommodatus
572 2552 632 2630 sit,
661 2571 763 2633 neque
790 2553 928 2614 aoristus
956 2571 1014 2636 pro
1037 2553 1221 2638 imper-lecto

119 2677 199 2764 poni
220 2676 331 2761 possit.
376 2675 451 2737 Jam
484 2677 514 2737 si
549 2655 832 2737 alternm‘aoristi
864 2693 957 2735 usum
988 2675 1221 2755 examinamus,

120 2799 187 2878 ille,
204 2809 272 2861 ute
288 2798 549 2884 praecedentibus
573 2809 670 2883 patet,
688 2816 754 2859 non
777 2799 882 2859 minus
905 2798 1031 2882 ineptit,
1043 2788 1118 2878 qui,
1142 2817 1222 2879 qnae

120 2922 241 2985 aoristo
264 2932 447 3001 narrantur,
472 2941 509 2984 ca
532 2933 622 3007 putet
644 2940 711 2982 non
733 2931 856 2983 mutata
878 2921 1012 2983 notione
1034 2921 1221 3008 imperfecto

121 3045 185 3107 diei
216 3065 319 3130 posse.
369 3044 456 3104 Nam
477 3054 599 3105 mutato
621 3054 765 3129 tempore
787 3043 984 3126 significatio
1007 3063 1128 3125 quoquc
1155 3065 1222 3108 mu·

121 3176 217 3228 tatur.
268 3166 381 3244 Neque
409 3185 483 3225 vcro
512 3166 671 3226 recentior
693 3164 807 3248 lingna
830 3167 1000 3247 quidquam
1022 3166 1223 3250 incingere

121 3307 194 3350 rum
216 3298 397 3371 temporum
418 3284 606 3368 significatu
629 3289 770 3367 novavit,
794 3289 858 3350 nisi
882 3290 965 3369 qnod
988 3289 1042 3371 qui
1065 3290 1125 3352 luit
1147 3290 1225 3354 olim

121 3411 256 3501 perlecti
278 3430 407 3488 sensuS,
437 3411 465 3473 is
488 3431 528 3472 ex
551 3431 612 3492 quo
635 3410 716 3473 illud
739 3422 862 3496 tempus
885 3413 921 3474 in
943 3421 1003 3474 usu
1025 3433 1095 3475 esse
1118 3413 1224 3492 desiit,

122 3535 261 3597 caeteris
284 3533 399 3596 aoristi
421 3533 713 3614 significationibus
744 3535 870 3595 additus
900 3507 960 3596 est.
1010 3534 1099 3608 Quin
1127 3535 1226 3596 etiam

122 3656 319 3719 recentiores
347 3655 465 3715 Graeci
493 3657 597 3718 vorbis
629 3655 832 3734 quibusdam,
856 3673 988 3734 quorum
1011 3653 1118 3718 nullus
1141 3657 1225 3741 apud

122 3781 272 3859 antiquos
295 3788 401 3840 exstat
423 3777 573 3854 eoristus,
597 3773 660 3838 hoc
683 3787 806 3861 tempus
833 3787 870 3837 ut
891 3775 983 3839 valde
1010 3779 1226 3842 necessarium

122 3902 319 3985 adjecerunt,
343 3918 384 3961 ne
407 3900 631 3984 imperfectum·
649 3898 777 3984 duplex,
801 3900 906 3984 ipsius
927 3898 1053 3962 scilieet
1081 3911 1114 3962 et
1142 3903 1225 3964 aori-

123 4025 167 4088 sti
189 4043 304 4086 munus
326 4023 508 4084 sustineret.
553 4022 657 4105 Hujus
682 4024 809 4105 generis
832 4037 881 4086 est
902 4026 1032 4086 verbum
1055 4026 1226 4088 snbstanti-

123 4168 207 4227 vnm,
231 4151 321 4230 cnjus
344 4145 562 4230 imperfectum
585 4130 667 4222 ἤμην
689 4148 787 4231 probe
810 4147 1017 4230 distinguitur
1040 4151 1079 4213 ab
1102 4148 1225 4213 aoristo
