2700 4672
118 237 204 292 xxv}

121 411 237 500 etiam,
263 432 355 507 quac
381 403 490 480 solius
517 404 743 502 antiquorum
768 403 934 478 dictionis
960 405 1105 505 propria
1131 418 1227 498 snut,

119 543 286 644 judicare,
311 546 504 639 postquam
527 536 708 638 ingenium
733 536 943 611 recentioris
967 537 1109 638 linguae
1134 539 1227 640 peri-

119 675 170 750 tia
195 674 240 748 ad
265 671 355 747 tales
380 696 439 744 res
465 667 702 743 aestimandas
723 669 826 767 quasi
844 672 1121 769 praeparaveris.
1155 671 1228 745 Ex-

99 803 318 908 emplorum
348 803 463 877 instar
493 801 603 875 citare
632 799 739 873 liceat
771 827 862 900 quae
887 801 925 874 in
950 800 1151 879 Commeat.
1182 805 1227 879 ad

121 940 239 1017 uana
265 936 310 1010 dc
333 933 505 1009 Infinitivi
529 958 597 1006 usu
621 931 658 1004 in
678 933 879 1023 sententiis,
896 960 988 1033 quae
1007 934 1116 1010 futuri
1141 936 1228 1035 quid

122 1070 320 1171 designant,
346 1067 390 1140 ad
415 1092 447 1141 v.
472 1065 544 1138 468
570 1064 615 1138 de
640 1065 709 1138 usu
739 1073 940 1164 temporum
972 1076 1009 1140 et
1039 1066 1227 1142 modorum

122 1204 160 1277 in
184 1198 347 1302 populari
371 1222 546 1286 sermone,
572 1194 617 1270 ad
641 1225 672 1273 v.
701 1198 770 1271 163
802 1195 848 1271 de
873 1197 1076 1273 discrimine
1100 1200 1228 1276 verbo

121 1361 200 1409 rum
224 1332 328 1415 (bello
355 1340 391 1404 et
414 1327 627 1429 ssodbopuu.
649 1326 693 1401 ad
719 1357 750 1405 v.
766 1329 840 1403 464
859 1329 904 1404 de
922 1341 1130 1407 neutrorum
1149 1332 1228 1432 plu·

122 1467 248 1543 ralium
274 1489 354 1538 cum
380 1460 500 1538 verbis
527 1461 765 1561 singularibus
793 1463 1059 1541 constructione
1084 1464 1167 1538 dixi.

266 1596 365 1669 Haec
382 1594 576 1697 generatim
596 1594 641 1667 de
667 1595 847 1694 conjuncti
872 1595 1039 1696 antiquae
1058 1606 1095 1671 et
1110 1623 1227 1673 novae

123 1727 338 1809 Graecitatis
352 1726 463 1801 studii
476 1725 627 1800 utilitate
636 1725 926 1803 dictasufficiant.
950 1729 1009 1804 Ne
1019 1729 1100 1829 quis
1108 1739 1227 1803 antem

122 1865 159 1936 in
184 1861 330 1935 dubium
354 1867 461 1935 vocet
485 1885 577 1957 quae
603 1858 648 1932 de
673 1859 959 1960 pronuntiatione
983 1862 1115 1951 monui,
1139 1888 1226 1951 rem,

123 2020 215 2096 quae
244 1992 396 2066 Erasmo
431 1990 753 2065 comminiscendae
782 2017 896 2068 novae
926 1993 1226 2093 pronuntiationis

122 2152 245 2201 ansam
270 2124 414 2199 dedisse
438 2123 560 2213 fertur,
587 2150 760 2225 exponam
784 2124 903 2200 verbis
932 2125 1014 2200 Job.
1045 2125 1226 2226 Rodolpb.

120 2256 334 2347 Wetstenii,
344 2283 434 2356 quae
451 2256 488 2330 in
502 2255 737 2332 Orationibus
749 2254 996 2358 Apologeticis
1008 2284 1074 2359 pro
1088 2256 1227 2332 Graeca

123 2402 160 2467 et
191 2391 341 2492 genuina
375 2389 516 2489 linguae
541 2387 700 2463 Graecae
725 2389 1013 2486 pronuntiatione
1043 2417 1120 2490 pag.
1156 2392 1227 2463 119

123 2531 281 2598 exstant:
329 2521 577 2612 „„Videamns
602 2545 708 2608 nunc,
733 2519 861 2618 inquit,
887 2520 973 2620 quid
996 2519 1040 2593 de
1059 2547 1150 2598 nova
1166 2521 1227 2595 illa

123 2654 287 2730 Pandora
303 2654 352 2727 sit
376 2649 611 2754 judicandum,
636 2661 756 2725 utrum
781 2678 905 2727 omnes
931 2680 951 2726 a
976 2652 1059 2728 Diis
1083 2679 1227 2754 praero-

124 2788 258 2888 gativas
284 2797 320 2860 et
345 2785 538 2887 elegantias
563 2785 765 2882 acceperit?
789 2810 835 2857 an
859 2809 944 2860 rero
969 2784 1088 2858 fucato
1106 2786 1226 2860 colore

123 2920 199 2995 suis
224 2919 439 2992 amatoribus
464 2915 719 3015 aliquantulum
752 2914 933 3014 imponat?
988 2915 1225 3017 Antiquitatis

122 3052 279 3153 speciem
303 3049 432 3153 penula
455 3073 541 3147 prae
568 3073 608 3121 sc
631 3047 702 3121 sert
726 3047 853 3147 prisca,
880 3075 950 3146 qua
974 3076 997 3122 a
1019 3050 1105 3125 viris
1124 3050 1227 3125 mini·

121 3211 180 3259 me
205 3180 416 3285 spernendis
442 3178 696 3255 circumdatur:
727 3180 823 3255 intus
848 3208 935 3256 vero
962 3182 1060 3255 etin
1085 3193 1167 3256 cute
1193 3184 1243 3257 si'

122 3344 199 3392 eam
238 3310 534 3409 contemplemur,
570 3338 663 3388 nova
695 3323 752 3387 est
785 3323 822 3386 et
852 3313 975 3387 fraude
1005 3300 1226 3389 memorabili

121 3450 158 3524 in
183 3449 306 3523 orbem
329 3443 540 3517 introducta.
590 3443 732 3520 Primus
759 3446 853 3519 enim
879 3448 955 3545 ejus
974 3454 1097 3518 auctor
1116 3455 1226 3546 atque

121 3601 250 3683 parens
275 3599 424 3675 magnus
449 3574 516 3649 luit
532 3575 723 3668 Erasmus,
750 3577 912 3651 Phoenix
936 3576 1171 3670 literatorum,
1193 3580 1225 3656 is

120 3713 158 3785 in
183 3705 323 3808 dialogo
355 3707 399 3781 de
425 3709 714 3809 pronuntiatione
740 3708 851 3799 edito,
884 3718 1055 3807 quantum
1086 3710 1227 3810 quodli-

119 3843 183 3917 bet
209 3839 422 3914 elementum
447 3868 467 3914 a
491 3842 691 3942 priscorum
716 3850 916 3939 temporum
945 3866 1015 3915 usu
1045 3841 1227 3936 defecerit,

108 3982 160 4067 set
185 4000 256 4072 qua
279 3973 416 4047 ratione
442 3973 485 4048 ad
512 3974 665 4071 priscam
690 3973 881 4071 puritatem
906 3973 1023 4047 redire
1043 4002 1226 4074 queamus,

121 4105 364 4205 praescribere
389 4104 524 4205 primus
551 4113 609 4178 est
633 4129 758 4194 ansus3
784 4104 850 4180 scd
874 4132 1057 4205 nunquam
1088 4134 1132 4182 eo
1166 4108 1226 4197 dc,-

119 4240 282 4317 renisset
311 4237 366 4315 vir
398 4232 714 4336 prudentissimus,
751 4236 823 4313 nisi
855 4239 1048 4313 amicorum
1085 4239 1230 4319 insidiis·
