2700 4672
1013 273 1017 279 .
1095 213 1165 288 1⁰9

57 410 94 473 la
124 408 236 490 quibus
263 409 409 471 extrema
435 400 557 488 ἑτέρους
584 424 611 469 r.
638 425 667 465 ν.
694 429 720 466 ο.
747 428 780 486 μ.
807 393 1080 494 exponiti'atove
1100 395 1164 468 ἄπὸ

57 529 119 591 πῶυ
140 520 302 612 septime
322 522 429 608 φίλων.
472 530 563 594 Bene
586 540 692 593 autem
713 529 813 593 Hem.
834 527 1022 618 Stephanus
1043 533 1081 595 in
1095 531 1165 596 An·

57 655 279 719 natationibus
301 655 343 719 ad
365 652 447 718 haec
468 651 594 716 scholia
614 651 676 716 vol.
699 651 751 715 Vl
772 673 802 738 p.
825 650 869 717 84
886 655 935 718 ed.
950 655 1082 742 Bipont
1099 674 1166 718 mo·

58 790 126 858 net,
148 797 222 841 non·
238 798 309 841 esse
330 776 430 840 aliam
452 773 649 839 scholiastae
670 763 828 856 meatem,
851 795 947 857 quam
969 795 1049 859 quae
1070 775 1166 862 vulgo

58 902 108 964 sic
135 895 334 986 exprimatur
361 885 478 968 ἄλλους
505 885 525 972 ἢ
552 889 624 968 τοὺς
645 888 802 979 παρόντας
828 889 946 976 φίλους.
995 899 1070 985 Ipse
1091 921 1166 966 vere

59 1021 265 1103 Thucydides
287 1021 342 1084 lib.
365 1023 399 1101 Ι,
430 1019 472 1086 ’23
500 1022 548 1085 ita
574 1023 741 1108 usurpavit
762 1010 850 1102 παρὰ
870 1023 907 1084 in
929 1020 1015 1085 hunc
1038 1023 1166 1086 modum

59 1145 208 1226 loquens:
232 1185 245 1198 -
261 1183 273 1193 -
289 1181 301 1193 .
316 1136 408 1218 ἡλίου
434 1165 466 1202 τε
495 1135 661 1219 ἐκλείψεις,
683 1134 719 1204 αἳ
741 1133 926 1228 πυκνότεραι
950 1133 1038 1224 παρὰ
1064 1133 1106 1205 ccl
1131 1139 1168 1205 ἐκ

60 1266 117 1328 τοῦ
136 1258 207 1348 πρὶν
228 1255 348 1347 χρόνου
369 1256 632 1347 μνψονευὸμενα
652 1261 843 1345 ξυνέβησαν,
865 1269 1016 1348 quaa·vls
1036 1267 1169 1333 voculae

59 1381 147 1471 παρὰ
167 1391 309 1453 nendum
331 1400 480 1453 accurate
503 1410 524 1453 a
540 1389 768 1453 Grammaticis
791 1388 959 1453 enucleata
981 1402 1040 1453 est.
1086 1391 1166 1455 Cac·

62 1525 167 1577 terum
190 1515 229 1577 ci.
252 1513 327 1576 adn.
350 1514 392 1576 ad
413 1533 495 1576 vers·
521 1510 594 1575 171.
623 1545 666 1556 -
695 1500 811 1617 abling
832 1526 868 1576 ut
889 1533 988 1600 supra
1009 1532 1089 1577 vers.
1113 1511 1167 1578 72.

194 1635 236 1697 V.
261 1632 336 1698 227.
381 1626 510 1716 ὅερμάτι
531 1635 554 1697 i.
578 1656 605 1697 e.
628 1625 808 1714 &appellatum
829 1628 941 1716 δέρμα.
973 1668 1018 1681 -
1051 1625 1168 1717 aliquot

60 1778 120 1844 pro
143 1740 254 1836 ηὗραν,
276 1758 407 1837 antique
429 1743 529 1838 εὗρον.
573 1755 650 1820 Vid.
673 1758 747 1821 adn.
770 1760 914 1823 advers.
938 1757 968 1823 9.
1008 1792 1053 1805 -
1088 1751 1170 1820 ὁποῦ

59 1871 125 1938 ’νον
146 1881 169 1943 i.
192 1900 219 1942 e.
244 1872 323 1939 ὁποῦ
342 1864 425 1954 ἦτον.

193 2000 236 2066 V.
259 2000 335 2066 228·
380 2000 415 2063 td
433 1995 526 2076 ’χασι
548 2003 611 2068 i.e.
634 1994 669 2062 ccl
685 1989 802 2075 alapam.
824 2038 868 2050 -
890 1997 1063 2086 τζινωμένὸ
1079 2015 1166 2091 part.

60 2126 143 2214 peri.
172 2145 257 2211 pass.
280 2126 369 2188 verbi
396 2114 529 2198 τζιτὸνω,
549 2126 666 2188 omisso
688 2146 709 2183 ν
730 2146 789 2211 pra
818 2121 1015 2207 τζιτωμένον.
1043 2117 1168 2200 riesisse
1290 2136 1296 2147 “

63 2247 222 2334 accipitur
243 2267 302 2333 pro
325 2269 374 2327 eo,
399 2248 483 2329 quod
504 2259 555 2311 est
576 2244 736 2322 exiendo,
757 2245 870 2328 tendo,
893 2246 1041 2326 intendo,
1065 2258 1098 2312 ct
1119 2269 1169 2313 re·

64 2381 116 2432 cte
137 2370 301 2433 derivatur
325 2389 346 2433 a
370 2369 475 2432 Corae
494 2362 614 2428 ’Arm
636 2369 729 2432 Tem.
751 2369 810 2434 IV.
833 2391 865 2456 p.
888 2368 953 2435 600
975 2372 1015 2433 ab
1037 2371 1168 2452 antiquo

59 2483 195 2552 ‘caelvm
240 2491 406 2556 Diffemmt
427 2492 522 2579 apud·
533 2502 664 2554 nostrae
685 2493 859 2555 memoriae
881 2491 1022 2556 Graecos
1042 2481 1168 2565 agerice

63 2625 97 2678 ct
118 2602 255 2672 ἁπλὸνω.
299 2615 466 2678 Posterius
488 2614 594 2697 magis
610 2610 813 2700 explicandi
828 2627 861 2678 ct
876 2610 1097 2699 expandendi
1112 2635 1169 2679 ne·

62 2737 185 2801 tionem
209 2733 314 2799 hahet.
336 2757 365 2800 v.
390 2758 418 2799 c.
447 2725 607 2814 ἕξαπλᾶνω
635 2726 676 2796 tul
694 2724 939 2817 mephitim
966 2732 1010 2808 εἰς
1035 2727 1071 2796 τὸ
1097 2754 1169 2819 apat·

61 2851 129 2930 πέξι
151 2854 295 2922 chartus
316 2855 353 2922 in
375 2878 491 2922 accusa
512 2855 662 2944 explico,
683 2860 741 2924 sed
762 2848 888 2934 τζιτὸνει
902 2848 938 2919 τὸ
951 2851 1065 2921 πανίαν
1077 2853 1096 2921 ὁ
1109 2851 1168 2920 eiu.

61 2970 187 3062 πριστής
210 2977 379 3045 insolatur
406 2982 484 3061 (der
505 2981 674 3064 Bleicher‚
703 2982 735 3046 le
757 2982 1001 3060 blanchisseur)
1029 2979 1169 3047 linteum

61 3074 228 3168 eutendit.
273 3103 307 3166 Is
329 3104 432 3186 igitur
454 3095 631 3181 ἐξαπλόνει,
660 3105 714 3185 qui
735 3079 821 3186 quod
841 3106 1018 3170 involutum
1045 3117 1079 3168 ct
1110 3105 1169 3168 im·

61 3224 210 3313 plicitum
232 3236 303 3287 erat
325 3224 443 3288 evolvit
464 3235 498 3288 et
519 3221 670 3310 explicat,
692 3217 819 3299 τζιτόνει
845 3248 920 3292 vero
949 3229 1004 3310 qui
1021 3230 1092 3311 jam
1113 3247 1169 3291 ex.

60 3344 176 3433 plicita
197 3357 231 3407 et
251 3344 379 3410 evoluta
400 3348 448 3410 sic
470 3348 512 3411 ad
534 3349 688 3413 amussim
709 3349 831 3430 tendit,
852 3360 890 3414 ut
909 3356 978 3417 aaa
997 3350 1170 3432 edentque

63 3468 252 3532 continuata
280 3480 436 3556 appareat
460 3469 559 3534 linea.
611 3473 684 3548 Qua
711 3472 773 3551 fit‚·
792 3483 830 3536 ut
851 3472 907 3553 qui
928 3461 1089 3550 ἐξαπιλᾶνει
1109 3471 1170 3537 ali·

63 3590 150 3673 quid,
172 3591 301 3653 efficere
323 3591 411 3669 velit,
434 3603 470 3654 ut
491 3613 554 3672 res,
578 3598 669 3675 cujus
691 3605 836 3655 extrema
856 3595 952 3657 modo
972 3593 1171 3658 lineamenta

63 3711 116 3777 vel
135 3723 263 3800 partem
285 3711 426 3793 aliquam
446 3713 736 3794 videbamus‚.jam
757 3724 827 3775 tota
852 3715 912 3776 sub
933 3725 1096 3802 aspectum
1118 3733 1170 3779 aa·

64 3835 134 3915 dat,
162 3853 352 3915 quamquam
380 3836 568 3899 continuam
594 3846 786 3922 punctorum
811 3837 929 3899 seriem
956 3837 999 3901 ad
1032 3835 1169 3907 candem

64 3956 186 4022 lineam
207 3957 244 4020 in
264 3954 435 4042 superficie
457 3960 527 4041 ejus
548 3959 599 4021 rei
618 3959 716 4024 sitam
737 3958 969 4044 pertinentium
982 3977 1051 4023 nau
1065 3970 1168 4042 curat,

64 4090 181 4145 cauma
206 4088 243 4142 ut
269 4070 289 4138 ὃ
315 4066 470 4158 scetem,
492 4078 652 4145 siminus
680 4092 773 4148 cauta
800 4079 888 4161 ultra
913 4101 1008 4164 quam
1033 4083 1086 4146 ias
1107 4092 1168 4164 est,

63 4202 184 4278 tendit,
210 4218 281 4269 ram
308 4200 437 4271 scindat
463 4211 498 4269 et
525 4201 698 4294 dirumpat
745 4202 813 4287 llic
835 4223 913 4273 usus
934 4197 1087 4273 eonstahs
1108 4215 1168 4269 est.
