2700 4672
1082 215 1171 264 XXIX

65 405 135 453 neo
158 404 316 480 unquam
341 364 420 453 luit
467 376 647 479 Aquilios
672 378 851 455 erroribus
870 405 915 455 ne
933 382 1171 461 Buttmanmrs

66 513 212 612 quidem
238 521 275 586 et
299 511 519 588 lllattlriaeus
544 510 668 586 nostra
698 514 867 588 memoria
892 512 993 589 liberi
1018 516 1171 594 luerunt

65 645 207 720 Neuter
241 644 408 723 videlicet
445 644 597 733 sciebat,
634 645 813 745 quomodo
848 678 874 748 η
911 645 1172 749 distinguerent

66 777 197 853 Graeci
226 778 271 851 ab
300 809 349 869 o,
380 808 425 852 υι
456 786 493 851 et
517 775 665 877 reliquis
697 778 813 867 sonis,
844 780 975 878 quibus
1005 783 1171 857 omnibus

66 911 216 984 eandem
242 918 459 1009 potestatem
484 933 566 983 esse
590 907 691 983 multi
717 909 954 999 crediderunt,
979 912 1064 986 item
1086 939 1173 988 neu-

66 1054 133 1132 ter,
158 1068 264 1142 quam
288 1040 384 1117 varia
410 1050 509 1115 esset
533 1041 685 1141 prolatio
710 1049 781 1118 τοῦ
799 1075 832 1133 κ,
858 1043 956 1141 quod
974 1042 1076 1117 aliter
1091 1071 1173 1146 pro-

66 1174 180 1248 fertur
204 1173 240 1246 in
265 1170 421 1278 ἀνάγκη
446 1183 483 1248 et
507 1172 544 1246 iu
569 1173 764 1276 Περικλῆς,
791 1174 894 1249 aliter
917 1175 955 1248 in
980 1173 1086 1269 darei,
1111 1177 1172 1250 ali·

65 1318 123 1381 ter
147 1307 183 1379 in
201 1310 347 1397 ἐκεῖνος,
365 1315 502 1397 neuter,
523 1306 703 1407 quomodo
720 1307 941 1409 discreparet
956 1337 977 1382 r
993 1309 1030 1381 in
1048 1316 1172 1386 rantra

66 1440 111 1512 ab
137 1439 262 1513 eodem
289 1437 466 1513 elemento
490 1439 527 1512 in
552 1437 646 1531 ἀντὶ,
674 1439 728 1517 vel
754 1438 934 1539 quomodo
960 1439 1120 1516 differret
1143 1471 1172 1517 π

66 1572 104 1645 in
128 1571 270 1667 πάσχω
295 1572 340 1644 ab
366 1571 490 1646 eadem
516 1595 673 1646 consona
705 1571 743 1643 in
774 1570 1013 1670 συμπάσχω.
1062 1571 1172 1647 Mitto

66 1701 145 1793 alia,
170 1702 207 1775 in
234 1703 365 1803 quibus
390 1703 482 1804 lapsi
506 1712 601 1794 suut,
627 1703 708 1804 quia
726 1702 916 1780 molestum
942 1713 1009 1794 est,
1033 1703 1173 1804 singula

45 1811 284 1910 enumerare.
333 1835 448 1910 Porro
474 1837 654 1926 omnibuS,
681 1837 741 1936 qui
765 1835 908 1912 Erasmi
936 1837 1200 1938 patrocinium·

67 1977 314 2070 susceperunt,
338 1968 494 2070 vulgaris
527 1968 646 2071 lingua
671 1969 810 2045 Graeca
834 1970 955 2071 ignota
979 1979 1066 2046 erat.
1122 1968 1175 2046 At

66 2102 244 2175 neminem
264 2128 430 2201 unquam,
450 2101 511 2202 qui
526 2127 648 2202 parem
667 2127 747 2176 cum
764 2112 916 2202 utraque
934 2101 1052 2202 lingua
1069 2128 1175 2177 usum

68 2245 107 2310 et
133 2233 235 2334 quasi
259 2233 531 2309 familiaritatem
556 2239 747 2327 contraxit,
780 2235 842 2335 qui
872 2234 1060 2333 utriusque
1092 2260 1175 2307 ana-

67 2366 198 2468 logiam
229 2367 405 2466 percepit,
437 2367 499 2467 qui
531 2392 604 2441 non
634 2364 742 2440 modo
775 2393 796 2439 e
827 2366 945 2457 libris,
976 2366 1174 2441 sedetiam

69 2498 274 2600 quotidiana
298 2498 471 2599 loquendi
495 2500 761 2600 opportunitate
780 2497 957 2573 Graecum
974 2524 1174 2575 sermonem

69 2632 203 2721 didicit,
235 2630 420 2704 dubitasse
445 2628 595 2719 scimus,
624 2656 711 2703 num
739 2642 881 2708 veteres
915 2630 1045 2704 Graeci
1074 2628 1176 2704 aliter

68 2762 341 2865 pronuntiarint,
367 2787 472 2863 quam
498 2762 726 2836 recentiores.
763 2761 991 2862 lneptissima
1014 2787 1101 2838 vero
1117 2761 1175 2835 illa

69 2905 156 2972 sunt
179 2906 401 2998 argumenta,
428 2895 558 2996 quibus
584 2893 829 2969 demonstrare
860 2894 1036 2985 nituntur,
1069 2895 1177 2995 dege-

69 3054 217 3104 nerasse
241 3022 438 3103 recentium
463 3027 684 3104 Graecorum
715 3024 970 3128 pronuntiandi
1001 3028 1175 3101 rationem

70 3162 116 3235 ab
141 3161 298 3260 antiqua.
352 3161 448 3236 Nam
477 3160 576 3260 quod
609 3160 770 3262 plerique
801 3166 979 3247 statuunt,
1010 3157 1175 3233 idoneam

70 3293 117 3368 ad
141 3291 211 3366 hoc
235 3289 456 3393 probandum
480 3292 634 3394 linguam
658 3294 802 3370 latinam
828 3318 921 3381 esse,
944 3289 982 3364 id
1000 3291 1177 3392 duplicem

72 3451 228 3501 errorem
254 3424 422 3499 continet
471 3424 575 3499 Alter
604 3435 678 3516 est,
710 3426 822 3527 quod,
854 3450 964 3525 quum
994 3425 1176 3525 antiquam

72 3558 256 3634 Romanae
285 3556 425 3658 linguae
450 3558 774 3659 pronuntiationem
799 3582 872 3630 non
898 3554 1048 3654 amplius
1073 3557 1178 3629 calle-

75 3715 191 3780 amus,
228 3715 273 3764 ex
303 3693 423 3791 ignota
454 3688 743 3792 pronuntiatione
774 3689 940 3788 colligere
970 3687 1058 3759 nihil
1089 3690 1177 3763 certi

74 3849 267 3924 possumus
305 3823 350 3898 ad
379 3824 525 3899 alterius
557 3822 698 3926 linguae
728 3847 838 3898 sonos
868 3829 968 3895 recte
996 3819 1178 3920 proteren-

75 3955 154 4031 dos.
204 3954 335 4054 Neque
361 3957 455 4030 enim
480 3983 696 4057 quemquam
722 3954 858 4055 opinari
890 3961 1042 4054 oportet,
1068 3953 1177 4029 Conr.

76 4085 189 4188 Leop.
239 4086 499 4162 Schneiderum
548 4088 607 4165 vel
647 4087 756 4173 alios·
783 4111 885 4162 veras
935 4085 1178 4160 Romanorum

75 4213 329 4319 pronuntiandi
360 4219 458 4321 leges
498 4246 518 4294 e
550 4217 828 4295 discordantium
861 4218 1179 4294 Grammaticorum
