2700 4672
119 174 228 264 xuvru

287 388 290 393 '
320 374 357 432 Et
373 372 498 431 ineruditi
515 372 636 451 plausum
654 374 693 429 uti
711 373 783 430 docti
800 374 896 433 lerant:
974 384 978 391 '

318 480 439 556 Eumque
456 479 489 534 ab
507 477 569 547 illio,
587 480 635 554 qui
653 478 776 536 ridentur
791 482 929 555 pansopbi.

320 583 360 640 lta
377 582 492 641 avolavit
508 585 563 640 rita
581 583 614 639 ab
632 583 681 640 hac
698 583 755 641 lanu
773 595 800 640 et
818 585 908 643 decus.

316 687 442 762 vulgaris
459 690 496 744 itu
514 707 621 762 reguum
639 698 713 745 tenet
730 689 858 749 conlusio.
888 702 892 718 ³

118 829 280 908 Politieis
312 829 475 907 versibus
500 855 608 928 porro
634 829 847 906 Theodorus
867 832 1220 934 Ptochoprodromus

116 973 281 1066 po'c‘matu
306 987 370 1035 sua
396 963 606 1061 composuit
653 962 747 1035 Huic
763 989 931 1038 versuum
949 966 1080 1067 generi,
1104 977 1145 1040 ut
1161 993 1220 1040 su·

116 1122 180 1197 pra
206 1094 368 1185 diximus,
392 1095 463 1192 jam
487 1091 582 1194 apud
607 1090 832 1193 Georgillam,
859 1095 974 1195 quinti
999 1097 1126 1171 decimi
1143 1125 1221 1172 sae-

116 1227 186 1301 culi
210 1235 362 1327 poetam,
385 1223 500 1299 finalis
527 1235 721 1299 concentus
747 1225 889 1301 additus
914 1229 1103 1303 invenitur.
1149 1230 1220 1303 lta-

117 1385 188 1460 que
217 1357 425 1433 Demetrius
454 1356 575 1431 Zenns
606 1356 737 1432 multos
769 1357 836 1432 hac
866 1356 913 1431 in
933 1385 973 1432 re
1002 1359 1127 1434 habuit
1157 1359 1219 1434 de-

115 1517 290 1595 cessores.
339 1488 530 1565 Caeterum
554 1488 639 1562 licet
660 1515 790 1564 nomen
807 1489 1030 1591 politicorum
1049 1518 1218 1569 versuum

115 1622 280 1731 generale
305 1621 388 1696 olim
420 1621 544 1710 luerit,
575 1631 695 1695 tamen
726 1649 746 1695 a
776 1624 1035 1698 recentioribus
1066 1625 1119 1699 sic
1149 1624 1218 1698 soli

114 1756 342 1831 nominantur
364 1778 491 1828 versus
517 1754 713 1827 tetrametri
739 1753 878 1827 iambici
905 1755 1109 1846 catalectici,
1130 1783 1218 1857 quo-

113 1889 209 1962 niam
233 1886 283 1960 illi
308 1883 464 1958 omnium
481 1910 648 1960 versuum
667 1884 861 1986 uulgarium
881 1886 1104 1961 usitatissimi
1122 1899 1216 1963 suut.

112 2019 245 2119 Neque
269 2017 362 2090 enim
388 2015 455 2090 alio
480 2027 594 2092 metro
620 2044 743 2093 omnes
768 2017 828 2106 illi,
853 2016 898 2091 de
920 2019 1049 2118 quibus
1066 2021 1217 2094 mentio-

111 2177 196 2225 nem
227 2149 310 2239 leci,
343 2159 471 2250 poetae
501 2150 558 2224 usi
589 2162 683 2226 sunt.
738 2148 781 2223 In
810 2147 881 2223 hoc
910 2150 1018 2250 igitur
1046 2178 1214 2227 versuum
1264 2164 1268 2171 “

111 2310 243 2386 genere
279 2282 480 2358 necessaria
515 2293 600 2383 post
630 2279 821 2357 secundam
858 2280 1036 2380 dipodiam
1068 2310 1214 2358 caesura

112 2426 178 2491 est
227 2414 350 2515 Quum
376 2425 494 2489 autem
519 2424 661 2516 praeter
684 2409 812 2513 pedes,
838 2438 929 2511 quos
960 2413 1030 2487 hoc
1059 2427 1212 2490 metrum

109 2548 270 2647 requirit,
296 2545 382 2622 solis
407 2547 445 2620 in
469 2547 581 2648 prima
608 2555 645 2619 et
674 2544 780 2618 tertia
811 2542 954 2645 dipodia
986 2546 1212 2622 Choriambis
1269 2567 1272 2572 ’

108 2678 211 2755 locus
237 2680 460 2769 coucedatur,
486 2703 628 2778 semper
653 2677 855 2776 quindecim
880 2677 1024 2774 syllabis
1047 2679 1113 2753 hos
1134 2708 1213 2756 rer-

109 2837 173 2887 sus
199 2822 362 2887 constare
386 2810 613 2913 perspicuum
639 2818 711 2897 est,
737 2834 887 2907 quarum
913 2818 994 2882 octo
1025 2809 1071 2882 ad
1100 2813 1212 2911 prius,

1 2991 3 2994 -
109 2954 247 3045 septem
273 2943 319 3018 ad
343 2943 523 3044 posterius
548 2939 813 3014 hemistichium
837 2940 1027 3040 pertinent.
1084 2944 1211 3042 ltaque

90 3102 128 3149 ·a
158 3076 337 3150 nonnullis
375 3073 498 3166 στίχοι
535 3068 716 3147 πολιτικοὶ
752 3073 1211 3173 πεντεκαιδεκασύλλτιβοι

106 3207 164 3285 vel
189 3210 323 3283 omisso
348 3202 550 3280 πολιιτικῶυ
573 3204 717 3278 nomine
742 3203 857 3278 solum
883 3206 1005 3301 στίχοι
1022 3233 1210 3282 πεντεκαι-

107 3337 394 3434 δεκασύλλαβοι
418 3335 535 3413 vocati
552 3347 648 3412 sunt.
696 3335 815 3438 Ipsam
831 3339 935 3412 metri
950 3339 1098 3435 lormam
1116 3338 1209 3411 banc

108 3497 190 3548 esse
213 3476 332 3570 patet:

429 3600 878 3744 o-o-¹ololp¹o.o-¹clo

428 3708 525 3734 aa-
685 3707 781 3733 ,aa

104 3807 217 3909 Quod
247 3819 429 3908 superest,
459 3811 552 3886 ictus
583 3809 786 3884 necessario
817 3808 942 3881 incidit
972 3809 1030 3884 rel
1059 3810 1096 3883 in
1127 3810 1208 3885 ulti-

16 3941 26 3951 “
103 3967 197 4016 mam
221 3941 278 4019 vel
302 3941 340 4014 in
365 3942 677 4044 antepenultimam
701 3939 829 4038 prioris
855 3939 1071 4016 hemistichii
1102 3943 1206 4040 sylla·

60 4133 63 4137 .
102 4075 194 4148 bam.
252 4073 363 4174 Quod
391 4074 471 4148 nisi'
491 4074 529 4145 in
564 4081 716 4170 utraque
745 4073 938 4173 reperitur,
968 4076 1006 4147 in
1036 4074 1205 4148 alterutra

102 4207 160 4300 sit,
184 4233 334 4283 necesse
359 4216 424 4282 est
484 4205 571 4307 Non
594 4203 711 4278 minus
743 4203 921 4304 flagitatur
950 4206 1043 4280 ictus
1075 4206 1112 4278 in
1143 4235 1206 4306 pe-

1126 4340 1204 4413 nul-
