2700 4672
1189 246 1226 294 Xl

121 441 202 491 cum
220 410 436 488 admixtione
452 419 625 513 corrupta·
635 418 701 487 est
743 411 867 511 Quid?
886 413 985 513 quod
1001 413 1070 514 ipsi
1096 414 1225 492 Graeci

121 547 279 621 barbaris
305 545 457 644 subjecti
482 530 555 619 nob
588 542 739 642 amplius
768 552 869 619 tanto
901 546 1072 626 orationis
1103 548 1226 647 lepore

123 706 165 754 ac
188 677 382 753 festivitate
407 673 641 778 praestabiles
666 674 818 749 suerunt.
861 675 941 751 Nec
965 677 1102 751 mirum.
1143 677 1227 753 Ele-

122 811 240 911 gantia
266 819 304 884 et
327 808 510 883 urbanitas
536 803 711 880 sermonis
736 805 774 876 in
790 804 859 881 illis
878 809 1124 883 tantummodo
1142 835 1226 910 gen-

122 943 218 1017 tibus
243 941 485 1040 reperiuntur,
512 962 603 1036 quae
626 934 793 1035 politiore
821 936 1039 1013 humanitate
1070 942 1227 1040 praecel-

123 1072 240 1147 lentes
272 1081 309 1144 et
337 1069 471 1143 liberali
501 1067 663 1142 doctrina
694 1077 840 1143 ornatae
870 1070 1021 1145 maxima
1051 1070 1226 1148 libertatis

123 1202 292 1277 felicitate
317 1200 490 1275 fruuntur.
541 1198 676 1303 Contra
711 1226 947 1303 quaecunque
979 1204 1017 1277 in
1048 1204 1227 1303 peregrini

123 1333 270 1433 alicujus
296 1332 430 1407 domini
455 1330 590 1405 ditione
616 1340 711 1422 sunt,
737 1334 878 1409 etiamsi
902 1335 1073 1408 bonarum
1098 1337 1227 1410 artium

124 1493 244 1540 curam
268 1474 444 1565 perpetuu
471 1473 606 1564 gerant,
630 1472 751 1537 tamen
775 1465 850 1562 jugi
874 1464 984 1554 itlius,
1011 1468 1108 1564 quod
1140 1470 1230 1567 pati-

124 1608 242 1686 untur,
267 1622 450 1695 nunquam
474 1620 548 1667 non
573 1618 751 1667 memores
786 1595 971 1670 servitutis
1002 1622 1044 1669 ac
1073 1598 1230 1673 miseria-

124 1754 203 1803 rum
228 1727 378 1828 vestigia
396 1726 538 1825 linguae
558 1725 665 1799 etiam
684 1750 770 1799 suae
789 1724 907 1801 solent
923 1726 1138 1827 imprimere.
1165 1729 1230 1805 At·

124 1870 246 1934 tamen
270 1860 360 1935 baec
383 1884 456 1933 non
481 1867 640 1958 repente,
673 1856 739 1932 sed
763 1856 931 1965 paulatim
964 1884 1008 1932 ex
1040 1871 1157 1936 comta
1193 1873 1231 1937 et

125 1991 259 2066 urbana
289 1989 431 2065 horrida
462 1990 505 2064 lit
535 1999 571 2064 et
603 1989 746 2063 rustica.
802 1989 888 2089 Quo
919 1991 1032 2091 magis
1064 1993 1230 2070 videlicet

125 2123 298 2224 temporis
324 2147 518 2226 progressu
543 2121 753 2221 opprimitur
777 2121 930 2222 populus
956 2149 997 2197 ac
1021 2125 1142 2224 jugum
1160 2126 1232 2226 pri-

126 2281 185 2329 mo
210 2254 432 2330 intolerabile
457 2252 609 2329 tolerare
633 2254 794 2344 docetur,
819 2279 862 2327 eo
889 2256 1001 2355 magis
1019 2256 1095 2352 ejus
1112 2255 1231 2357 lingua

128 2396 167 2460 et
190 2386 270 2486 ipsa
292 2386 330 2459 in
354 2390 513 2488 pejorem
537 2394 673 2486 partem
698 2385 903 2462 necessario
926 2385 1086 2463 vertitur.
1118 2388 1233 2488 lgitnr

126 2517 278 2592 Graecis
315 2518 353 2591 in
387 2517 628 2593 Macedonum
665 2528 881 2619 potestatem
916 2517 1072 2593 redactis
1109 2519 1233 2594 funda·

126 2660 248 2724 menta
272 2651 365 2746 jacta
390 2658 476 2722 sunt
497 2648 638 2747 linguae
662 2649 700 2720 in
724 2648 883 2722 deterius
907 2649 1106 2722 mutandae.
1140 2650 1232 2724 Orta

130 2792 188 2857 est
212 2781 250 2855 id
273 2779 446 2879 temporis
473 2805 514 2852 ea
539 2778 715 2853 sermonis
740 2778 869 2869 forma,
895 2805 988 2879 quae
1015 2779 1097 2879 quia
1123 2784 1233 2855 omni-

128 2914 197 2988 bus
223 2912 371 2988 Graecis
398 2910 595 2986 communis
621 2935 702 2987 esse
727 2911 856 3010 coepit,
891 2910 1010 3012 lingua
1035 2915 1233 2991 communis

130 3045 176 3146 (ἡ
201 3043 309 3144 κοινὴ
335 3043 546 3138 διάλεκτος)
572 3043 724 3118 vocitata
752 3053 825 3132 est,
857 3068 949 3142 quae
975 3044 1103 3118 atticae
1128 3045 1234 3121 diale-

130 3176 180 3251 cti
211 3175 366 3275 speeiem
396 3175 629 3273 habitumque
659 3175 838 3248 referebat
867 3184 975 3273 atque
1006 3175 1043 3248 in
1074 3175 1145 3250 boc
1176 3203 1234 3253 so-

130 3306 165 3381 lo
198 3307 241 3380 ab
275 3332 317 3380 ea
338 3305 587 3407 discrepabat,
618 3304 716 3406 quod
747 3306 888 3382 sublato
913 3306 1078 3382 dictionis
1105 3308 1234 3383 atticae

131 3448 261 3542 ornatu
298 3437 435 3537 reliqua
466 3437 599 3528 omnia,
636 3464 727 3537 quae
759 3437 909 3514 caeteris
940 3438 1089 3515 Graecis
1121 3467 1236 3541 aeque

132 3569 385 3672 probabantur,
409 3568 626 3645 continebat.
677 3566 718 3643 si
744 3570 806 3667 qui
825 3595 910 3671 ergo
928 3571 1079 3671 posthac
1097 3572 1141 3643 ad
1165 3598 1237 3644 ma-

131 3703 247 3800 jorum
267 3682 414 3801 gloriam
438 3699 653 3800 dicendique
668 3709 895 3776 venustatem
911 3699 1234 3801 sublimitatemque

134 3858 175 3907 se
201 3834 377 3931 erigentes
404 3831 628 3933 eloquentiae
654 3832 775 3907 studio
801 3833 983 3923 ardebant,
1003 3857 1123 3931 neque
1138 3842 1237 3909 vete-

69 3962 71 3969 ’
134 3964 234 4039 ribus
260 3964 392 4037 Atticis
419 3963 606 4038 inferiores
631 3964 859 4053 videbantur,
889 3964 979 4039 baec
1002 3962 1152 4067 siugulis
1179 3966 1239 4040 de-

134 4095 287 4171 bebatur
311 4093 545 4195 scriptoribus
570 4095 659 4186 laus,
683 4122 756 4172 non
782 4095 880 4197 genti
904 4106 1014 4197 atque
1036 4098 1145 4173 aetati
1163 4098 1240 4171 uni-

136 4216 272 4304 versae.
321 4224 566 4304 Veruntamen
590 4225 697 4303 insita
721 4227 779 4302 illa
802 4228 936 4330 ingenii
964 4229 1037 4320 vis,
1062 4228 1120 4303 illa
1144 4228 1241 4330 inge-
