2700 4672
121 219 191 292 170

122 413 284 498 peccatori,
306 407 432 497 βρδλοιι,
454 407 586 496 teporem
607 424 639 477 et
661 414 756 478 aliae.
802 411 888 476 Vide
902 411 1049 495 Dueang.
1072 411 1089 476 1
1111 431 1143 498 Ρ.
1159 408 1227 475 778

122 552 155 604 et
179 538 294 604 Corais
324 540 434 600 Αιαια.
455 539 546 601 Tom.
569 534 620 601 IV
641 557 673 622 Ρ.
696 534 739 601 66
760 534 889 600 61714.
922 535 1072 600 Fortasse
1093 521 1229 614 peteme

123 663 226 724 forma
255 661 420 747 primitiva
447 672 512 740 est,
540 648 617 718 διότι
642 647 747 739 aaziae,
774 671 810 723 ut
838 658 952 747 Corais
977 657 1072 720 verba
1095 675 1227 743 ponam,

123 773 180 843 καὶ
201 772 375 843 δασύνεται
397 777 440 852 εἰς
461 773 503 842 παὶ
524 770 585 857 17η.
607 767 692 862 λέγει
714 773 732 840 6
752 773 902 854 Ἠσῦχιος
928 769 1102 860 ,,βρυαῖδες,
1124 775 1228 838 δυσῶ.

124 904 175 976 δες
197 904 267 987 (γρ.
289 896 479 987 δασιδδες)”.
499 940 543 951 -
567 892 745 986 α’γγελωιός
767 904 869 967 forma
892 902 1043 985 vulgaris,
1067 905 1229 997 quaejam

125 1029 191 1091 sere
213 1028 369 1092 inusitata
390 1038 450 1106 est,
472 1047 532 1113 pro
555 1014 740 1110 ἅγκυλῳιός
761 1043 883 1090 curvus
904 1036 936 1090 et
958 1032 1086 1089 acutus.
1114 1025 1229 1087 Poste-

107 1152 193 1235 rior
215 1151 304 1213 notio
328 1151 363 1212 in
376 1119 472 1212 ¹hunc
494 1148 599 1212 locum
621 1148 767 1229 quadrat.
812 1149 893 1212 Orta
908 1158 958 1210 est
972 1159 1077 1210 autem
1101 1168 1143 1210 cx
1157 1146 1229 1228 illa,

125 1291 220 1353 quam
246 1269 343 1335 habet
369 1271 540 1358 Euripides
567 1268 686 1334 Bacch.
713 1267 809 1335 1194.
857 1271 1004 1333 Barbara
1033 1270 1098 1332 ista
1125 1270 1229 1333 forma

125 1393 238 1473 utitur,
263 1404 299 1456 ut
320 1392 403 1459 alios
425 1405 559 1488 taceam,
577 1393 769 1478 Anonymus
789 1394 827 1456 de
842 1394 972 1479 Nuptiis
992 1390 1111 1455 Thesei
1125 1391 1181 1454 lib.
1196 1391 1227 1455 1:

169 1504 324 1594 φοβόντας
347 1515 448 1595 (corr.
470 1513 655 1598 φοβῶντας)
676 1516 744 1585 ταῖς
764 1507 961 1596 &portatoria
981 1510 1043 1573 τῶν
1064 1511 1230 1595 γυναικῶν

948 1625 1095 1710 σαΐιιαις.
1272 1607 1281 1622 ’

125 1761 177 1826 De
199 1761 320 1845 reliquo
345 1766 427 1827 coni.
451 1764 523 1827 adn.
546 1765 587 1828 ad
608 1782 689 1827 vers.
714 1758 789 1826 714.

257 1885 300 1948 V.
322 1883 398 1950 775.
443 1872 695 1966 ἆρματωξῆκααι
710 1883 886 1967 vulgariter
900 1903 960 1969 pro
976 1873 1227 1964 ἁρμανῶξιησαν.

127 2003 203 2068 Vid.
221 2006 269 2100 ad
290 2026 371 2070 vers.
395 2005 470 2073 776.
494 2042 539 2054 -
561 1994 747 2080 loconuaco
767 2026 833 2071 aor.
850 2009 939 2071 verbi
955 2008 1144 2071 recentioris
1159 1999 1229 2067 σιέ-

126 2148 172 2184 κω
194 2127 245 2191 vel
266 2104 429 2210 σιέκομαι,
451 2141 487 2193 ut
509 2129 643 2193 vidimus
666 2148 760 2191 versu
785 2127 858 2193 193.

257 2249 298 2313 V.
323 2249 399 2317 776.
450 2244 548 2325 δίχως
569 2247 651 2325 sine,
665 2247 803 2337 ‘absque
820 2273 840 2317 a
859 2253 1090 2318 recentioribus
1113 2275 1155 2317 ex
1170 2273 1229 2317 an-

126 2373 286 2453 tiquomm
308 2375 456 2440 adverbio
477 2365 557 2447 δίχα
579 2375 751 2439 formatum
773 2387 829 2440 est.
874 2412 919 2424 -
961 2376 1020 2442 De·
1034 2378 1228 2463 pronomine

124 2488 262 2566 κανέιιας
284 2497 323 2559 ci.
346 2518 425 2578 quae
447 2497 652 2636 exposuimus
674 2498 716 2560 ad
738 2518 819 2561 vers.
844 2498 895 2563 67

257 2617 396 2684 V2.77
440 2640 497 2680 και
487 2607 670 2698 δύναμ’
654 2642 673 2694 η
694 2613 813 2700 καρδιά
828 2639 901 2692 τους
914 2642 1020 2721 pro
992 2641 1048 2680 και
1038 2609 1229 2700 &merasce

125 2729 283 2818 ἡκαρδία
304 2731 416 2800 αὐιῶυ
465 2739 506 2801 In
535 2761 611 2804 voce
637 2706 814 2822 δύναμιςυ
799 2743 983 2807 terminatio
1011 2743 1144 2825 genitivi
1172 2742 1229 2807 hic

72 2909 75 2916 .
124 2861 231 2923 omitti
254 2873 380 2947 poterat
402 2873 572 2946 propterea
601 2863 683 2943 quod
706 2865 796 2951 plebs
818 2887 885 2929 non
906 2851 1142 2945 rictiovarum
1169 2865 1229 2929 sed

124 2977 176 3055 acic
197 2972 339 3061 διἰιιαμης
361 2983 448 3044 dicit.
500 2983 550 3046 ct.
572 2983 709 3049 Davidis
732 2986 833 3052 mech.
857 3008 888 3073 p.
913 2989 953 3050 et.
976 2986 999 3050 l.
1021 2985 1044 3048 1.
1068 3007 1115 3069 gr.
1139 2989 1225 3050 mod.

123 3121 154 3185 Ρ.
178 3099 249 3181 77.7
276 3105 381 3182 Quum
404 3124 478 3166 vero
502 3108 719 3171 nominativus
740 3109 916 3193 singularis
934 3108 1152 3193 hujuscemodi
1167 3097 1227 3173 no-

125 3223 246 3283 minum
269 3244 290 3287 a
312 3223 407 3305 vulgo
431 3226 592 3292 interdum
614 3230 685 3292 siue
705 3233 928 3316 eproferatur‚
952 3235 1042 3314 cujus
1058 3232 1106 3294 rei
1126 3251 1227 3297 unum

123 3341 262 3405 sufficiet
289 3326 470 3431 exemplum
498 3350 646 3413 attulisse
673 3372 715 3412 ex
731 3352 816 3428 ,adn
851 3351 891 3413 15
918 3371 949 3436 p.
977 3348 1041 3414 486
1071 3352 1160 3414 Tom.
1190 3354 1227 3418 11

124 3460 312 3527 Carminum
333 3467 536 3552 popularium
564 3492 584 3535 a
605 3470 765 3536 Faleriale
787 3458 963 3552 editorum
988 3473 1042 3535 ubi
1069 3471 1225 3555 legimus:

122 3574 157 3643 aci
185 3585 308 3662 φωνῆεν
334 3578 389 3667 pel*
402 3581 437 3650 ιδ
464 3585 568 3651 enoiosa
593 3578 741 3648 ceremon
767 3583 786 3666 ἡ
813 3585 877 3670 λε’ξι
904 3593 1010 3656 idest
1037 3586 1132 3673 λέξις,
1162 3597 1224 3676 (cs.

121 3717 289 3790 praeterea
307 3729 388 3776 vers.
403 3710 478 3791 57.)
502 3709 587 3773 haud
610 3709 742 3777 difficile
763 3715 804 3778 ad
827 3715 1071 3798 intelligendum
1094 3729 1152 3796 est,
1169 3739 1224 3802 ge-

121 3825 215 3889 nitivi
244 3848 365 3914 quoque
386 3855 403 3901 ς
424 3831 520 3912 abJIci
541 3850 654 3915 posse,
682 3837 737 3914 qui
764 3837 800 3900 in
828 3836 929 3921 plebis
957 3837 1085 3919 loquela
1111 3840 1224 3905 eodem

120 3949 213 4012 ruodo
241 3962 278 4015 ut
304 3952 520 4016 nominativus
547 3956 800 4038 pronunciatur,
822 3958 899 4026 licet
920 3962 1083 4047 scriptura
1104 3963 1222 4028 discre-

119 4080 180 4151 pet.
227 4071 322 4152 Quod
345 4074 420 4155 quia
441 4072 515 4139 fieri
533 4075 651 4162 potuit,
674 4075 868 4171 articulus
852 4105 871 4159 η
893 4083 998 4170 ipsum
1020 4086 1152 4162 etiamn
1168 4106 1223 4150 vo·

119 4191 225 4277 catuli
247 4179 329 4254 δΰνα
329 4215 374 4274 μη
395 4197 568 4283 absorpsit.
