2700 4672
1109 234 1112 239 ’
1167 237 1224 286 =XV

120 417 260 510 captam
285 405 621 508 Constantinopolin
651 430 694 480 ae
723 428 795 479 non
827 403 939 480 multo
970 415 1054 505 poet
1081 406 1225 508 prodie-

120 550 215 631 runt,
239 540 276 613 in
301 540 432 640 quibus
456 539 615 628 nescias,
639 547 757 613 utrum
783 537 894 638 magis
911 538 1107 613 Turcarum
1132 563 1224 637 quae

121 672 336 747 describitur
359 671 623 758 immanitatem,
655 696 700 742 an
732 668 822 757 stili,
854 696 926 768 quo
958 679 1099 744 exarata
1128 680 1224 759 sunt,

121 804 322 899 barbariem
349 803 506 878 horreas.
560 803 619 875 Ab
656 799 725 873 hoc
761 799 845 872 inde
881 810 1043 901 tempore
1074 802 1224 882 maxima

122 935 346 1035 antiquitatis
377 932 590 1034 ignorantia,
607 930 795 1007 Graeciam
825 934 1021 1031 occupavit.
1077 931 1224 1034 Quippe

121 1067 276 1165 inclytus
302 1065 385 1138 olim
410 1065 582 1165 sapientia
607 1062 778 1164 populus,
810 1072 867 1138 tot
896 1062 987 1136 mala
1019 1090 1112 1163 quae
1146 1091 1226 1164 per-

121 1222 251 1298 pessus
276 1207 354 1271 erat
377 1205 414 1270 et
439 1195 598 1296 quotidie
630 1195 829 1270 Turcarum
859 1193 1068 1270 crudelitate
1099 1221 1227 1298 perpe-

120 1329 278 1403 tiebatur
302 1327 463 1431 cogitans
489 1329 605 1418 unico,
632 1327 729 1427 quod
754 1326 946 1401 christiana
968 1328 1093 1430 religio
1125 1346 1227 1430 prae·

123 1461 240 1552 bebat,
265 1459 393 1536 solatio
423 1461 704 1548 sustentabatur,
729 1458 926 1534 litterarum
958 1459 1088 1536 studiis
1112 1461 1227 1563 (proh

120 1591 258 1690 dolori)
284 1592 469 1692 neglectis.
527 1590 612 1665 Etsi
649 1599 767 1663 antem
798 1589 938 1664 litterae
966 1592 1037 1689 jam
1066 1591 1102 1663 in
1127 1601 1227 1666 tene-

121 1724 196 1799 bris
220 1724 395 1822 jacebant,
420 1723 565 1797 luerunt
587 1731 706 1796 tamen
730 1721 824 1796 inter
847 1720 1055 1797 sacerdotes
1081 1723 1141 1822 qui
1166 1750 1227 1800 ve-

121 1866 237 1930 terum
263 1880 371 1957 opera
396 1854 541 1930 assidue
563 1855 725 1956 legerent
749 1854 1011 1956 divulgatisque
1041 1853 1141 1929 libris
1166 1882 1227 1929 an-

121 1987 223 2087 tiquo
248 2012 414 2063 sermone
438 1986 584 2088 scriptis
614 1985 900 2061 inclarescerent.
959 1986 1071 2086 Quod
1105 2013 1227 2087 quam-

122 2144 231 2229 quam
254 2118 420 2195 laudabili
444 2116 610 2193 instituto
634 2118 805 2208 lecerunt,
831 2129 872 2193 ut
894 2119 1122 2219 peritioribus
1149 2121 1227 2221 qui-

121 2249 271 2326 busdam
295 2251 525 2353 prodessent,
550 2249 646 2351 plebi
670 2260 790 2325 tamen
815 2251 873 2324 ob·
893 2250 1102 2342 dictionem,
1134 2278 1226 2352 quae

121 2381 235 2481 ipsius
261 2378 414 2483 captum⁴
430 2384 636 2483 superabat,
666 2383 841 2485 prodesse
871 2384 1076 2484 nequibant.
1130 2384 1226 2460 Inte·

120 2514 187 2586 rim
218 2513 348 2614 uulgus
379 2525 553 2616 perpetuo
589 2516 627 2588 in
656 2515 800 2615 templis
839 2525 912 2590 tam
946 2516 1079 2592 veteris
1118 2536 1225 2617 quam

119 2645 204 2721 novi
235 2644 442 2720 testamenti
467 2645 608 2745 'scripta
645 2645 851 2720 sacerdotes
885 2645 1026 2746 publice
1065 2647 1224 2748 legentes

121 2777 268 2853 audiens
294 2776 348 2852 sic
372 2775 583 2876 impeditum
609 2785 680 2866 est,
706 2776 897 2876 quominus
921 2772 1071 2878 prorsus
1100 2779 1225 2853 barba-

119 2934 199 2983 rum
222 2908 400 3009 'loquendi
430 2908 575 2984 modum
605 2910 808 2984 ascisceret
862 2909 948 2985 Tria
979 2908 1053 2985 lere
1084 2911 1223 2986 saccula

120 3051 206 3143 post
228 3040 368 3142 imperii
385 3039 572 3139 Byzantini
589 3066 755 3118 occasum
770 3034 995 3133 transierant,
1014 3069 1124 3143 quum
1140 3070 1223 3144 pars

120 3170 294 3272 quaedam
319 3171 478 3247 Graecae
501 3173 672 3266 nationis,
699 3174 796 3274 quod
819 3185 1052 3250 mercaturam
1078 3185 1224 3250 strenue

118 3303 254 3378 lecerat
290 3301 422 3379 divitiis
448 3314 560 3396 aucta,
597 3307 688 3381 circa
727 3333 858 3382 annum
898 3311 990 3382 1750
1026 3308 1222 3384 litterarum

120 3421 251 3510 amore
264 3434 407 3509 incendi
430 3437 558 3537 coepit
606 3439 712 3513 Adde
737 3440 834 3539 quod
859 3439 981 3540 plures
1000 3441 1140 3529 Gracci,
1160 3443 1222 3540 qui

121 3567 251 3667 opibus
289 3594 403 3668 aeque
440 3578 549 3670 atque
584 3569 728 3670 ingenio
765 3571 960 3670 pollebant,
1003 3571 1048 3644 ad
1083 3570 1224 3645 Molda·

122 3699 215 3775 viam
239 3698 497 3801 Vlacbiamque
538 3700 850 3776 administrandam
881 3730 901 3776 a
932 3701 1130 3778 Turnacum
1154 3703 1223 3776 lm-

120 3841 288 3932 peratore
316 3835 387 3930 jam
416 3831 612 3934 superioris
642 3832 775 3908 saeculi
808 3833 910 3908 initio
943 3833 1076 3908 admoti
1113 3845 1223 3911 erant

121 3962 172 4038 Hi
212 3988 336 4038 omnes
377 3989 451 4038 non
490 3973 629 4038 tantum
669 3965 740 4066 ipsi
787 3966 996 4040 eruditionis
1043 3964 1224 4043 desiderio

122 4096 355 4185 tenebantur,
392 4094 479 4169 sed
526 4096 633 4171 etiam
677 4097 905 4196 popularibus
954 4099 1047 4176 viam
1094 4101 1223 4199 quovis

122 4227 231 4304 modo
263 4228 308 4304 ad
345 4252 422 4301 eam
459 4227 597 4303 mimine
634 4229 836 4322 studebant,
872 4233 941 4307 rati
976 4243 1053 4308 trun
1082 4230 1224 4306 demum
