2700 4672
78 255 214 308 XXXVII}

79 433 153 498 tata
178 422 325 498 suntin
348 418 479 497 Millini
508 421 647 496 Horrea
677 420 1050 522 Encyciopacdeutico
1082 419 1185 516 (Ma-

81 555 181 656 gasin
204 551 542 653 Encyclapddique)
568 553 612 628 A.
639 553 735 625 1816
760 553 863 626 Tam.
887 552 964 651 lp.
989 553 1035 623 91
1062 563 1101 627 et
1126 555 1184 643 95,

78 686 140 759 ubi
164 683 270 760 simul
295 684 340 759 de
365 685 504 784 linguae
529 709 677 784 graecae
701 682 912 757 recentioris
937 683 975 756 in
1000 682 1184 757 conseren-

79 815 135 890 dis
162 816 345 891 codicibus
376 842 483 890 manu
514 815 667 891 exaratis
704 814 857 890 utilitate
888 815 1044 889 disserit
1096 815 1184 906 Elis,

79 974 171 1045 quae
195 948 246 1022 ibi
269 947 364 1022 dicta
389 956 484 1037 sunt,
508 946 579 1021 hoc
602 946 715 1021 addo:
742 946 910 1047 quoniam
934 956 1095 1020 veterum
1112 947 1184 1041 d‘m·

77 1076 251 1152 lectorum
276 1079 503 1160 diversitates
528 1077 647 1178 aliqua
672 1103 715 1151 ex
733 1088 836 1178 parte
854 1102 875 1151 e
893 1079 1184 1169 membranarum,

77 1207 350 1310 inscriptionum
375 1237 417 1284 ac
440 1209 626 1294 titulorum
649 1208 826 1309 scriptura
851 1208 1019 1309 pendent,
1050 1208 1095 1284 de
1126 1209 1182 1283 hia

79 1366 224 1441 quoque
248 1340 375 1416 melius
400 1340 602 1441 aliquando,
628 1368 736 1444 quam
761 1341 877 1415 adhuc
901 1340 1034 1415 sactum
1060 1351 1132 1430 est,
1163 1368 1184 1414 a

76 1472 162 1549 viris
188 1472 305 1549 doctis
330 1472 523 1572 judicatum
546 1473 600 1563 iri,
626 1472 658 1547 si
683 1473 1005 1573 pronuntiationem
1014 1472 1183 1569 Renehli-¹

76 1603 218 1678 nianam
248 1615 443 1704 sequentes
474 1630 571 1678 mera
603 1605 802 1704 scripturae
835 1603 963 1681 menda
989 1629 1054 1704 pro
1075 1603 1184 1677 diale-
1228 1684 1232 1693 ,

77 1744 215 1811 ctorum
239 1735 503 1811 discriminibus
527 1735 660 1809 habere
685 1735 868 1824 desierint,
891 1736 930 1808 in
956 1761 1063 1834 quem
1089 1760 1185 1808 exro-

75 1891 163 1955 rem,
187 1875 229 1940 ut
253 1866 343 1945 elios
367 1866 537 1958 omittam,
571 1868 733 1942 Sturzius
763 1864 889 1940 incidit
920 1865 956 1942 in
987 1864 1106 1939 libello
1137 1865 1184 1940 de

76 1995 228 2072 dialecto
241 1996 475 2075 Macedonica
495 2008 533 2073 et
543 1998 793 2072 Alexandrina.
823 2036 871 2054 -··
896 1993 1015 2104 Venio
1029 1997 1181 2071 nuncad

74 2128 208 2201 Lexica
234 2138 272 2203 et
297 2129 554 2205 Grammaticas
579 2130 720 2230 linguae
739 2127 899 2201 Graecae
923 2127 1087 2227 vulgaris.
1112 2128 1183 2219 Lc-

74 2260 178 2333 xicon
203 2259 309 2358 hujus
333 2259 476 2363 linguae
499 2260 759 2363 philologorum
777 2259 859 2333 usui
878 2231 1182 2335 accommodatum

75 2415 126 2479 ea,
153 2417 222 2489 qua
246 2416 312 2497 par
336 2402 403 2482 est,
429 2391 619 2492 diligentia,
644 2391 854 2490 sagacitate,
885 2390 1087 2477 eruditione
1118 2392 1182 2490 qui

75 2521 284 2611 condiderit,
308 2523 487 2598 neminem
512 2520 629 2595 adhuc
653 2522 837 2596 exstitisse
862 2512 1093 2600 vehementer
1117 2521 1181 2595 do-

73 2652 198 2730 lemus.
247 2656 371 2759 Atque
396 2665 437 2731 ut
461 2652 507 2727 de
530 2652 789 2752 antiquioribus
806 2653 1037 2730 taceamJoh.
1055 2652 1181 2729 Meur-

73 2784 119 2859 sii
144 2794 181 2858 et
204 2784 382 2862 Gerasimi
407 2782 535 2861 Viachi
552 2783 747 2860 Glossariis
763 2785 1074 2875 Graecobarbaris,
1092 2813 1180 2884 quo-

71 2942 151 2993 rum
175 2915 262 2995 illud
286 2915 431 3016 saepius
464 2915 607 2990 saeculo
638 2918 792 3021 septimo
822 2918 960 2994 decimo
991 2920 1089 3018 typis
1121 2944 1180 2993 ex·

73 3061 198 3124 cusum
222 3056 297 3137 est,
321 3045 392 3119 hoc
420 3045 586 3124 Venetiis
617 3075 700 3122 cum
729 3050 1025 3149 interpretatione
1042 3049 1179 3127 italica

67 3188 112 3253 >et
135 3177 265 3256 Latina
289 3201 382 3254 anno
411 3179 504 3253 1658
529 3180 671 3280 prodiit,
696 3182 736 3255 in
754 3183 885 3283 quibus
903 3183 1052 3284 exiguus
1070 3182 1179 3257 modo

71 3307 323 3387 vocabulorum
340 3333 510 3386 numerus
529 3313 732 3412 exponitur:
750 3341 797 3389 ne
816 3314 1177 3415 posterioraquidem
1213 3330 1216 3334 '

71 3439 183 3513 lexim
206 3447 246 3512 et
270 3439 440 3539 glossaria
465 3444 631 3544 cuiquam
654 3444 764 3521 hodie
789 3433 994 3522 satisfacere
1010 3455 1181 3543 possunt.-

71 3570 164 3645 Nam
196 3570 258 3668 qui
291 3573 523 3675 quadraginta
554 3601 620 3676 per
651 3602 764 3650 annos
796 3575 863 3649 sub
893 3576 1001 3648 finem
1029 3576 1177 3676 septimi

70 3699 196 3777 decimi
222 3703 353 3777 saeculi
384 3706 421 3779 in
453 3706 621 3784 Graecia.
636 3717 874 3782 commoratus
906 3717 969 3782 est.
994 3707 1178 3783 Rern-anae

70 3829 241 3906 ecclesiae
273 3837 442 3912 sacerdos
473 3835 631 3911 Alexids·
647 3835 858 3928 Somavera,
889 3839 921 3912 is
950 3837 1036 3913 licet
1065 3839 1177 3914 multa

69 3963 321 4044 vocabulorum
342 3967 450 4044 mittia
465 3965 503 4039 in
518 3965 658 4040 lexicon
674 3991 780 4042 suum
799 3971 1032 4070 congesserit,
1056 3981 1175 4046 tamen

68 4101 109 4167 ut
133 4098 301 4198 antiquae
333 4095 547 4171 Graecitatis
579 4123 706 4198 expers
739 4112 777 4175 et
807 4102 1081 4203 orthographiae
1111 4102 1175 4173 im.

66 4226 206 4321 peritus
231 4227 357 4317 verba,
381 4252 475 4332 quae
505 4227 699 4318 audiverat,
730 4259 850 4332 neque
887 4244 986 4308 necte
1017 4233 1176 4308 scribere

23 4322 30 4395 t
