2700 4672
1185 204 1291 278 ta·

259 385 302 453 V.
325 388 356 454 8.
396 381 458 449 ἀπὸ
473 403 559 453 nune
575 402 701 473 semper
717 401 788 450 eum
803 383 998 452 Accusativo
1013 398 1226 482 conjungitur.

258 505 464 592 ε’ρῤιμαρίσξνη
492 510 627 574 Crusius
649 509 759 572 vertit:
790 505 842 571 ud
861 505 1054 604 Rhythmus
1080 515 1227 590 collatus

126 643 186 712 est,
211 637 246 700 in
268 637 381 717 quibus
402 635 508 699 verbis
530 624 706 718 rhythmos
732 630 812 694 dicit
833 651 872 694 eo
893 653 1005 717 sensu,
1037 657 1099 719 quo
1121 646 1227 713 medio
1322 669 1324 673 ’

125 779 203 822 aevo
232 758 318 822 istud
344 755 531 822 vocabulum
559 755 790 840 arripiebatur,
818 753 866 816 ita
893 767 929 819 ut
949 756 1120 840 rhythmus
1141 766 1227 835 idem
1302 770 1306 783 ¹

97 950 101 955 ,
125 891 218 944 sonet
240 877 459 961 quadrimus,
481 878 521 941 de
543 897 605 958 qua
626 878 763 940 barbara
785 895 863 940 vore
885 876 956 940 vide
969 879 1130 962 glossario
1144 893 1226 956 med.

125 1015 159 1066 et
180 1005 239 1065 ini.
261 1002 445 1066 latinitatis.
488 1000 628 1064 Ponitur
656 1008 762 1062 autem
789 993 910 1073 rimus,
943 1001 1027 1081 quod
1053 1004 1157 1092 ipsum
1185 1036 1227 1079 ox

123 1120 276 1209 rhythmi
287 1124 417 1188 nomine
430 1132 612 1208 corruptum
617 1131 677 1196 est,
693 1121 803 1184 eadem
814 1120 1063 1206 significatione,
1076 1147 1139 1220 qua
1155 1147 1227 1200 orta

123 1247 199 1311 inde
221 1248 257 1310 in
278 1245 411 1312 novitiis
432 1244 555 1328 linguis
577 1243 711 1307 nomina
732 1240 834 1318 rimu,
856 1239 950 1326 ritae,
971 1242 1100 1332 rhyme,
1114 1249 1225 1321 Reim.

124 1369 228 1452 Igitur
251 1367 368 1432 Graeci
389 1378 556 1454 postquam
578 1385 669 1428 suam
692 1385 802 1430 vocem
824 1357 946 1446 ῥυὲνμός
973 1367 1047 1433 aliis
1071 1372 1225 1445 dederunt

124 1493 283 1576 gentibus,
306 1490 346 1554 ab
368 1487 421 1556 his
444 1508 515 1552 eam
539 1497 722 1573 corruptam
749 1487 891 1552 vicissim
913 1495 1049 1555 mutuati
1076 1509 1152 1562 suut
1178 1501 1225 1566 di-

123 1616 223 1679 eendo
246 1605 324 1692 ῥίμα
345 1623 378 1675 et
400 1599 527 1690 ῥιμάὸα.
571 1594 631 1673 Est
652 1627 748 1696 porro
771 1600 890 1690 ῥιμάρω
918 1624 949 1676 et
977 1607 1127 1696 ριμαρίξω
1153 1642 1224 1686 ver.

122 1757 179 1802 sus
201 1730 355 1800 similiter
376 1730 538 1798 cadentes
559 1750 730 1818 consperto,
753 1743 786 1796 et
807 1722 973 1814 ῥιμαδὸρος
994 1737 1062 1800 sive
1077 1731 1224 1819 ριμαδοῢ.

122 1883 174 1940 ρος
207 1876 360 1923 versuum
394 1851 730 1922 homoeoteleutorum
752 1851 898 1939 scriptor
925 1857 976 1922 vel
998 1863 1129 1925 omnino
1152 1886 1235 1947 ver,

120 1975 288 2068 sificotor.
334 1982 437 2057 Quem
467 1981 554 2042 inter
582 1978 723 2042 Graecos
751 1977 915 2064 probabile
941 1982 985 2045 sit
1006 1983 1144 2068 primum
1166 1985 1223 2053 hu-

116 2103 295 2189 J‘useemodi
317 2101 501 2179 versiculos,
525 2102 688 2183 inquibus
708 2100 817 2164 finalis
834 2117 1006 2167 oonoentus
1027 2107 1222 2193 observatur,
1239 2120 1244 2129 '

121 2227 294 2308 quibusque
317 2225 388 2290 ideo
411 2224 516 2287 media
538 2234 644 2287 aetate
669 2223 754 2307 apud
774 2221 912 2288 Latinos
924 2223 1150 2294 cordatorum
1166 2252 1222 2296 no-

121 2367 196 2410 men
225 2349 300 2426 fuit,
329 2348 458 2424 fecisse,
486 2344 566 2408 alibi
593 2362 762 2429 exponam.
812 2344 950 2409 Interim
970 2345 1120 2430 legantur
1143 2372 1222 2435 quae

120 2468 300 2534 Santonius
322 2469 363 2533 ad
386 2467 617 2532 Terentianum
645 2465 795 2529 Maurum
823 2467 862 2530 de
879 2457 1031 2533 'versibus
1056 2484 1223 2557 poetarum
1260 2527 1265 2535 s

120 2593 299 2679 vulgarium
320 2612 394 2679 pag.
420 2588 483 2655 163
506 2609 591 2672 seqq.
615 2598 854 2652 commentatus.
867 2599 924 2654 est.

252 2714 293 2780 V.
317 2713 348 2779 9.
372 2704 410 2773 σὲ
432 2704 509 2793 §lpum
531 2713 553 2776 i.
577 2732 604 2776 e.
628 2705 670 2781 εἰς
691 2701 788 2789 §lpum
808 2710 871 2791 vel,
892 2723 928 2776 ut
950 2714 1080 2794 antiqua
1099 2716 1221 2800 loquar,

122 2834 156 2898 ἐν
182 2830 301 2911 στίχοις
329 2826 574 2917 &protomartirem
622 2830 708 2898 Nam
736 2834 931 2922 praepositio
959 2825 999 2908 oi,
1024 2838 1064 2900 ab
1092 2851 1222 2904 auctore

119 2980 177 3048 per
200 2959 392 3045 aphaeiesin
413 2980 472 3044 pro
495 2947 570 3037 stoi,
594 2976 656 3039 qua
679 2958 781 3021 forma
807 2975 866 3043 pro
894 2951 936 3028 εἰς
963 2956 1133 3040 aliquoties
1161 2965 1222 3028 nti.

120 3094 182 3162 tur,
205 3083 312 3145 versui
332 3079 387 3144 hie
409 3091 520 3166 aptata
543 3091 600 3142 est.
637 3079 687 3142 ·In
713 3081 786 3166 ipsa
813 3078 1006 3167 paraphrasi
1034 3084 1122 3147 verbi
1149 3103 1221 3168 gra.

120 3204 168 3268 tia
190 3223 269 3268 vers.
293 3201 334 3265 51
358 3195 391 3261 28⁴
410 3192 475 3260 etet
496 3192 620 3278 καλύβη
642 3201 770 3284 legitur.
792 3189 796 3204 '

255 3309 304 3382 ἐ’νε
331 3324 527 3389 recentiores
553 3334 586 3386 et
612 3342 672 3409 pro
695 3313 760 3384 tori
781 3335 814 3388 et
835 3344 893 3410 pro
916 3318 979 3386 εἰσί
1004 3324 1220 3413 superioribus
1337 3352 1339 3356 ·

120 3445 256 3512 saeculis
277 3444 443 3526 dixerunt3
463 3465 550 3509 nune
572 3447 607 3509 in
630 3449 698 3530 ejus
719 3445 825 3509 loeum
847 3449 1051 3513 substitutum
1068 3460 1117 3512 est
1132 3437 1219 3510 εἶναι,

119 3570 203 3636 lllud
231 3553 281 3629 iva
310 3571 469 3654 originem
496 3567 583 3632 duait
610 3589 631 3631 a
657 3579 800 3637 veterum
828 3555 891 3643 ἔνι,
923 3569 1007 3649 quod
1032 3585 1092 3653 pro
1122 3558 1221 3630 ἔνεστι

120 3704 304 3776 usurpatum
328 3692 409 3754 satis
430 3702 543 3752 notum
564 3664 712 3752 omnibus
727 3699 793 3784 est.
834 3687 893 3750 Est
914 3700 1023 3751 tamen
1044 3700 1220 3775 praeterea,

119 3814 174 3878 ubi
197 3800 241 3871 ἔνι
263 3812 419 3898 simplicis
441 3821 566 3874 tantum
588 3811 676 3874 verbi
698 3820 857 3897 potestate
880 3811 1048 3894 iungatur,
1076 3811 1221 3878 velutin

120 3933 273 3999 vocabulo
301 3921 375 3992 ἔνιοι
397 3937 419 3996 i.
444 3956 471 3997 e.
500 3923 580 3993 sirio
607 3922 644 3992 οἵ.
673 3931 789 4000 ,Hane
816 3932 1086 4016 significationem
1107 3934 1219 4018 vulgus

120 4059 325 4139 frequentans
347 4055 503 4142 paulatim
529 4068 562 4118 et
585 4046 668 4114 ἐστὶν
689 4067 722 4119 et
743 4044 824 4115 εἰσὶν
851 4057 982 4139 abjeoit‚
1010 4073 1085 4119 mox
1112 4057 1219 4121 ablata
1323 4054 1330 4058 ’

119 4181 293 4265 posteriori
314 4177 419 4244 vocali
443 4164 477 4237 io
498 4198 557 4265 pro
582 4165 626 4235 ’ἔνι
649 4195 765 4241 sonare
789 4180 904 4264 eoepit,
928 4179 1041 4241 deinde
1058 4185 1147 4242 more
1161 4199 1218 4241 suo

901 4297 921 4363 lt
