2700 4672
152 238 263 289 XXXVI

153 408 284 482 alalsis
296 406 551 491 discernantur,
564 402 635 504 legi
647 409 798 503 oportet.
831 400 942 501 Quod
957 400 989 476 si
1007 399 1166 491 lecimus,
1190 402 1255 476 mi·

154 565 231 614 rum
258 548 429 637 quantum
454 535 537 608 inde
556 534 770 634 proficimus.
818 533 878 607 nd
898 559 1004 633 quam
1020 559 1094 607 rem
1119 535 1256 634 praeci-

153 667 608 770 puevulgarisGraecorum
625 666 764 763 linguae
781 664 907 765 peritia
920 675 1085 767 opusest
1103 663 1186 765 Qua
1194 665 1257 764 qni

153 800 281 901 pollet,
310 798 342 872 is
373 797 471 871 nullo
496 798 640 896 negotio
673 796 742 871 hos
773 796 1046 872 commentarios
1070 796 1256 897 pervolvit

297 929 412 1003 Porro
436 927 607 1002 historiae
630 927 846 1025 Byzantinae
870 929 1081 1028 scriptores,
1105 954 1256 1028 quorum

154 1062 213 1137 alii
247 1060 390 1150 melius,
436 1058 495 1132 alii
531 1058 689 1133 deterius
727 1061 964 1160 scripserunt,
1008 1059 1133 1134 relerti
1171 1068 1258 1134 'sunt

153 1192 343 1294 phrasibus
372 1191 594 1288 vocibusque
626 1188 782 1289 vulgaris
819 1190 1038 1266 Graecorum
1069 1191 1256 1281 sermonis,

155 1351 244 1424 quas
271 1320 331 1400 rel
363 1321 493 1396 lrustra
525 1321 563 1394 in
592 1319 715 1395 lexicis
747 1348 899 1421 quaeras
928 1321 985 1400 vel
1010 1323 1047 1396 in
1073 1322 1254 1424 glossariis

155 1454 290 1528 mediae
328 1451 528 1554 graecitatis
571 1451 779 1551 frequenter
819 1453 910 1528 falso
956 1453 1092 1554 exponi.
1121 1453 1255 1534 videas.

155 1585 311 1660 Proinde
329 1583 579 1658 eruditissimis
605 1583 711 1657 etiam
735 1584 821 1663 viris
847 1583 985 1675 accidit,
1010 1595 1051 1659 ut
1075 1584 1143 1660 hos
1168 1586 1256 1660 scri·

154 1728 276 1818 ptores
294 1717 384 1789 male
403 1716 731 1814 interpretarentur.
776 1716 896 1815 Quem
912 1744 997 1796 vero
1015 1715 1114 1817 fugit,
1132 1716 1256 1817 quanti

154 1849 260 1951 pretii
291 1848 363 1921 sint
395 1847 452 1920 illa
481 1845 651 1922 historiae
681 1846 901 1946 Byzantinae
931 1859 1175 1975 monumenta,
1211 1874 1256 1921 ex

155 1980 284 2079 quibus
315 1976 503 2050 multarum
534 1977 693 2074 gentium
723 1978 823 2080 origo
857 1990 895 2053 et
925 1978 1075 2056 historia
1099 1979 1256 2054 discitur

153 2111 357 2209 multaeque
381 2133 440 2182 res
464 2107 582 2182 medio
607 2136 695 2186 aevo
721 2122 857 2211 gestae,
884 2137 975 2211 quae
998 2111 1069 2187 nisi
1100 2111 1159 2185 hie
1182 2138 1256 2184 me·

155 2250 386 2328 morarentur,
412 2251 582 2338 perpetua
609 2242 785 2319 oblivione
818 2241 956 2316 deletae
988 2253 1121 2318 essent.
1176 2241 1256 2317 Ma-

155 2375 248 2446 xime
273 2371 368 2444 enim
392 2369 475 2442 inde
502 2358 749 2470 cognoscimus
776 2373 1039 2450 Cruciferorum
1069 2374 1171 2463 bella,
1201 2373 1256 2448 hi-

156 2504 302 2580 storiam
333 2500 614 2578 meridionalium
643 2507 811 2605 Europae
840 2505 1068 2607 populorum,
1098 2504 1258 2604 denique

153 2637 371 2721 Russorum,
397 2633 698 2712 Ottomannorum
729 2647 838 2735 atque
869 2662 992 2712 eorum
1032 2635 1255 2739 populorum,

155 2766 218 2865 qui
231 2764 398 2838 Danubio
415 2774 453 2840 et
468 2765 587 2842 Ponto
607 2768 749 2842 Euxino
767 2768 924 2841 confines
949 2778 1043 2857 sunt,
1069 2768 1253 2867 originem.

152 2897 252 2970 Ilaec
276 2897 441 2973 universa
471 2899 621 2974 existis
652 2898 809 2972 lontibus
842 2898 875 2970 ei
899 2896 1041 2972 haurire
1071 2898 1164 2990 licet,
1190 2903 1253 3000 qui

151 3028 332 3129 popularis
358 3028 497 3128 linguae
523 3055 668 3129 graecae
692 3028 818 3101 notitia
843 3041 1073 3130 praeparatus
1105 3032 1252 3108 aceedit.

152 3159 338 3259 Siquidem
362 3160 421 3234 hic
446 3158 797 3258 interpretationibus
822 3159 959 3253 latinis,
992 3190 1082 3263 quae
1112 3163 1251 3238 mendis

153 3301 308 3382 scatent,
332 3317 405 3365 non
430 3289 548 3388 egebit
579 3299 687 3387 atque
718 3290 850 3392 ubique
881 3293 1008 3368 horum
1039 3296 1251 3394 scriptorum

123 3429 297 3497 'sensum
323 3421 401 3494 sine
425 3419 619 3516 interprete
650 3434 872 3522 assequetur.
927 3425 1118 3500 Caeterum
1144 3451 1250 3524 quam

151 3553 255 3654 pauci
279 3551 366 3636 sint,
392 3547 455 3645 qui
480 3547 526 3621 ‹le
555 3549 611 3625 his
640 3580 759 3628 rerum
791 3555 1064 3656 Byzantinarum
1094 3582 1251 3658 pronun·

151 3676 336 3759 tiatoribus
367 3678 459 3751 bene
489 3688 697 3775 meruerint,
729 3696 815 3760 nota
845 3713 904 3761 res
936 3697 1001 3762 est.
1191 3667 1193 3671 V

294 3809 483 3885 Praeterea
497 3814 668 3890 ecelesiae
681 3843 826 3918 graecae
834 3817 971 3908 Patres,
985 3844 1135 3917 quorum
1147 3822 1250 3896 multi

150 3966 285 4016 summa
294 3940 495 4041 eloquentia
508 3945 666 4047 insignes
675 3947 954 4048 fueruntneque
966 3950 1083 4026 minus
1095 3952 1248 4051 ingenio,

150 4098 256 4171 quam
269 4083 364 4149 tersa
382 4078 540 4149 oratione
558 4078 822 4176 praestiterunt,
834 4082 1005 4156 vocabula
1017 4093 1136 4157 tamen
1148 4083 1248 4158 litur-

151 4205 227 4304 gica
239 4205 396 4304 aliasque
410 4205 608 4282 locutiones
622 4220 805 4310 usmpant,
824 4214 916 4311 quae
930 4225 1002 4291 uta
1019 4223 1181 4292 veterum
1194 4216 1247 4291 di·
