2700 4672
1132 200 1174 271 13

72 385 272 451 Beneficium
295 385 410 470 duplex
432 384 524 446 nobis
547 380 633 446 dedit
655 382 808 470 Iuppiter,
832 399 867 492 ut
889 392 1099 472 gaudeamus3

73 521 200 605 (super)
214 529 334 581 terram
348 529 384 580 ut
393 517 556 595 saltemus,
565 509 606 578 'et
617 515 679 597 (in)
691 535 805 598 aquam
819 532 854 583 ut
865 540 925 585 nos
934 526 1173 592 abscondamus.

73 652 165 714 Intus
187 662 219 713 et
241 661 334 713 extra
356 646 509 731 habemus
532 649 653 728 domos,
676 648 730 710 ubi
752 643 940 718 habitamus.

73 780 114 845 st
135 784 183 846 vis
206 794 239 844 et
260 792 295 843 tu
317 781 437 860 venire,
460 741 582 844 utrina
605 781 775 843 intremus:

74 915 210 977 ascende
233 914 362 976 dorsum
385 908 500 989 meum,
524 923 557 974 et
579 898 674 975 facila
696 922 728 974 te
750 913 961 978 introducam.

74 1043 299 1107 Veruntamen
321 1057 394 1106 tene
417 1063 467 1105 me
489 1043 611 1122 stricte,
634 1062 677 1106 ne
699 1044 828 1109 decidas
844 1065 924 1110 neve
942 1060 974 1111 te
989 1053 1145 1116 amittam.

74 1175 251 1255 Postquam
268 1174 504 1254 intraverimus,
520 1168 601 1237 mihi
620 1161 722 1255 crede,
741 1177 904 1261 gaudebis,
922 1201 1019 1269 supra
1033 1186 1177 1265 modum;

75 1318 108 1371 et
130 1308 173 1374 in,
188 1308 277 1369 exitu
299 1302 430 1369 habebis
456 1304 574 1369 donum
597 1319 630 1369 et
651 1305 788 1392 pulchra
809 1329 952 1377 munera.

75 1438 185 1502 Verba
208 1436 289 1502 haee
311 1437 431 1500 finivit:
450 1433 586 1499 'dorsum
609 1430 659 1501 illi
682 1440 827 1503 obvertit.

76 1572 168 1634 Tunc
190 1591 260 1633 mus
283 1569 383 1632 libere
405 1588 501 1652 super
524 1589 596 1630 eam
619 1569 767 1649 considit,
842 1567 845 1570 ⁴
947 1613 976 1643 ⁴·

75 1716 109 1766 ct
130 1702 282 1766 audacter
303 1721 417 1762 manus
440 1721 515 1762 suas
538 1699 716 1782 collumque
739 1704 890 1767 extendit.

76 1836 169 1898 Tunc
191 1829 274 1896 rana
294 1833 399 1917 eoepit
420 1854 455 1894 se
478 1833 650 1896 extendere
674 1845 706 1896 et
728 1834 930 1900 contrahere.
1030 1824 1032 1828 ⁸

76 1966 152 2028 Mus
174 1966 334 2051 principio
358 1964 483 2043 laetari,
508 1930 578 2026 oum
602 1965 733 2045 videret,
790 1956 792 1963 ’

77 2116 171 2178 quam
193 2108 321 2158 nataret
342 2095 487 2189 pulchre,
510 2064 634 2176 mirari,
657 2109 795 2182 stupere.

77 2227 201 2291 Verum
222 2229 277 2291 ubi
299 2222 471 2313 coeperunt
493 2248 513 2290 a
536 2241 623 2290 terra
646 2227 775 2311 longius
797 2232 954 2312 recedere,

78 2373 112 2423 et
134 2361 170 2422 in
192 2379 290 2439 aquas
312 2360 579 2446 profundissimas
602 2359 691 2421 lacus
714 2360 852 2442 ingredi,

78 2514 117 2557 ae
139 2493 310 2555 veniebant
331 2491 420 2573 nigri
442 2490 567 2571 fluctus,
590 2509 723 2571 eumque
745 2490 960 2557 inundabant:

79 2636 155 2687 tuno
178 2635 313 2686 tremere
337 2623 455 2707 coepit,
479 2621 564 2683 oculi
587 2626 656 2703 ejus
678 2621 914 2687 humescebant.

79 2722 262 2819 Paenitens'
280 2753 388 2834 (facti)
410 2752 491 2832 erat,
515 2750 618 2834 (quia)
637 2746 707 2816 'non
729 2751 877 2837 habebat,
901 2758 976 2839 quid
997 2759 1126 2837 iaceret,

80 2889 154 2969 quia
176 2887 248 2949 fieri
271 2905 337 2949 non
359 2896 496 2972 poterat,
520 2897 607 2950 retro
630 2897 666 2948 ut
687 2886 815 2949 rediret.
893 2880 895 2883 ’

19 3047 22 3050 ·
80 3021 222 3083 Taurum
244 3018 341 3102 pedes
362 3019 542 3100 stringebat
564 3013 605 3081 ad
627 3037 728 3082 ranae
750 3017 869 3098 latera3

82 3151 274 3212 creberrime
290 3151 537 3230 ingemiscebat,
560 3169 620 3212 nae
641 3150 778 3231 videbat,
802 3153 957 3232 quoirct.

80 3281 200 3345 Natrix
222 3280 371 3364 apparuit
392 3275 571 3367 horrendus
594 3280 629 3343 in
651 3280 791 3345 flumine.

79 3414 180 3476 Rana
202 3412 479 3499 contremiscebat,
501 3432 568 3475 non
590 3409 737 3493 habebat,
762 3414 840 3494 quid
862 3428 981 3497 ageret.

80 3545 121 3606 In
143 3564 257 3625 aquam
278 3565 314 3607 se
337 3545 499 3624 demersit,
523 3556 559 3606 ut
581 3545 717 3606 evitaret
740 3545 823 3607 iram
846 3544 946 3623 illius,

80 3673 333 3763 Psicharpagem
357 3677 489 3754 dimisit,
512 3687 547 3737 ut
569 3685 697 3736 nataret
718 3668 817 3734 solus.

80 3804 213 3886 Statim,
235 3818 271 3869 ut
293 3828 365 3871 eum
387 3803 519 3885 dimisit,
541 3788 586 3868 in'
599 3824 682 3885 aqua
704 3823 866 3889 expansus
888 3815 947 3882 cst,
1019 3799 1021 3803 ’

81 3951 112 4000 et
134 3958 213 4024 prae
235 3949 322 4000 metu
345 3941 471 4021 ingenti
494 3949 579 4001 totus
601 3937 815 4000 exanimatus.

81 4070 200 4134 Manus
224 4069 476 4150 constringebat,
499 4071 654 4133 stridebat
675 4068 833 4147 dentibus,

81 4187 165 4266 vires
187 4222 263 4268 suas
284 4201 434 4288 perdidit,
458 4211 615 4280 tremuere
636 4199 732 4288 pedes
755 4203 832 4284 ejus.
