2700 4672
208 195 255 268 aa

209 411 279 458 esse
302 389 468 455 Gallorum
491 387 762 476 praepositionem
781 405 879 472 pour.
932 387 1050 450 Paucis
1077 388 1233 475 exemplis
1262 390 1314 453 de-

208 517 338 598 iungar:
362 504 440 572 αὐτὸ
462 504 497 572 rd
519 502 642 590 βιβλίον
663 496 743 568 εἶναι
765 499 820 568 διὰ
841 501 913 579 τοὺς
941 501 1115 589 ἀρχαρίους
1143 507 1199 575 hic
1227 507 1315 576 liber

208 635 355 701 tironum
376 633 412 698 in
432 627 807 719 gratiamconscriptus
822 638 884 712 ert,
897 650 986 717 pour
1001 627 1051 694 les
1069 651 1315 716 comrncnpanc,

208 753 295 831 aaa
323 748 466 838 μισεύσει
493 744 550 815 διὰ
576 742 631 829 τὴν
652 744 802 830 Λειψίαν,
825 749 854 816 it
869 749 1013 839 portica
1032 774 1121 838 pour
1142 751 1314 841 Leipsiclr,

146 891 150 898 ·
207 875 382 962 dcapvoixre
393 869 449 938 διὰ
458 865 710 960 μεγάλοςρίῃωρ,
718 872 1152 963 ilpassaitpourungrnnd
1160 889 1313 943 orateur.

340 1001 428 1082 pelei
448 1020 507 1086 per
528 998 722 1085 aphaeresin
749 998 871 1062 vocalis
892 1022 910 1059 o
934 1019 994 1085 pro
1023 991 1128 1078 ὁμιλεῖ
1148 997 1314 1086 quuitrcr3

208 1127 264 1208 qui
284 1145 362 1213 usus
385 1123 555 1186 deterioris
577 1122 765 1205 graecitatis
788 1133 846 1185 est
891 1120 988 1207 Apud
1008 1132 1131 1185 veteres
1147 1125 1314 1201 nimirum,

207 1249 239 1312 si
259 1240 378 1339 &pricio
399 1244 538 1308 similem
560 1265 653 1308 usum
676 1243 794 1308 habere
816 1244 952 1325 videtur,
973 1246 1161 1309 vertendum
1182 1259 1231 1310 est
1245 1243 1313 1311 col-

208 1367 314 1456 loqui,
335 1363 570 1455 consobnlori,
591 1363 827 1439 sermocinari,
850 1363 1038 1432 orationem
1055 1387 1172 1432 coram
1183 1366 1313 1456 populo

207 1488 343 1556 habere.
395 1490 443 1556 At
473 1491 512 1554 de
540 1491 701 1576 scriptore
729 1509 824 1554 nemo
851 1509 989 1573 unquam
1017 1493 1221 1573 antiquorum
1249 1491 1313 1557 hoc

206 1618 336 1680 ueritum
357 1614 530 1700 usurpavit.

237 1750 243 1759 ·
340 1736 462 1814 [rancia
483 1737 578 1798 metri
601 1756 697 1800 causa
720 1756 779 1823 pro
802 1724 938 1840 aupaci,
960 1736 1044 1816 quod
1065 1747 1213 1800 neutrum
1227 1737 1310 1824 plur.

207 1872 257 1925 est
279 1861 342 1943 adj.
366 1847 482 1936 βαῇύς,
504 1850 639 1936 peperci,
668 1848 760 1938 βαῇῦ
796 1857 937 1925 adverbii
970 1858 1039 1921 viee
1071 1857 1126 1921 hic
1162 1861 1309 1944 iungens.

210 1982 261 2046 Cl.
283 1982 391 2045 adnot.
419 1980 461 2044 ad
489 1954 647 2067 Paraplrr.
679 2003 757 2045 vers.
772 1978 834 2043 72.
884 1979 936 2044 Dc
958 1980 1173 2045 declinatione
1194 1980 1311 2047 horum

171 2108 174 2113 '
207 2105 435 2189 adjectivorum
464 2103 535 2166 vide
568 2102 648 2167 Julii
670 2104 806 2169 Davidis
828 2095 1092 2183 Παραλληλισμὸν
1116 2099 1168 2180 τῆς
1194 2097 1311 2179 ἑλληνι-

206 2223 262 2302 κῆς
283 2215 340 2289 καὶ
361 2222 525 2307 γραικικῆς
546 2216 694 2306 γλώσσης
710 2246 783 2312 pag.
802 2224 850 2290 19.
866 2258 910 2274 -

338 2350 381 2412 V.
405 2349 436 2412 7.
480 2337 567 2429 ptari
594 2361 705 2412 natum
732 2359 783 2412 cst
804 2370 846 2412 ex
867 2339 923 2408 διά
944 2368 981 2429 a,
1001 2354 1143 2435 propter
1164 2345 1308 2435 aliquid.

206 2472 292 2538 Hinc
313 2484 419 2559 patet,
443 2492 501 2536 cur
522 2460 607 2552 procl
636 2474 771 2536 barbaro
799 2492 859 2536 usu
888 2469 1025 2534 causalis
1051 2470 1210 2557 particula
1237 2493 1309 2537 eva-

206 2596 282 2659 dere
312 2597 469 2682 potuerit‚
503 2594 551 2658 ita
578 2605 615 2658 ut
647 2595 795 2678 designet
823 2602 1009 2680 propterea
1044 2591 1150 2680 quod,
1190 2613 1309 2680 prtum,

206 2716 307 2806 quia,
328 2739 419 2783 nom.

326 2834 598 2923 iptaayaarlonp
620 2858 799 2904 conversus
814 2847 877 2922 est,
898 2838 934 2904 in
956 2836 1107 2926 linguam
1129 2839 1308 2922 (nostram)

206 2960 398 3028 tremimus
419 2971 479 3027 eat.
528 2952 774 3043 pterayaa'rrrt'to,
797 2985 860 3028 vox
880 2962 1014 3050 plebeja,
1037 2965 1127 3043 cujus
1148 2962 1307 3042 antiquio·

207 3107 275 3150 rem
292 3100 454 3150 auctorem
476 3085 597 3165 nescio,
621 3105 715 3168 quam
726 3084 953 3171 Sguropulum‚
966 3084 1019 3162 qui
1041 3103 1112 3144 eam
1134 3084 1169 3145 in
1183 3080 1305 3147 llistor.

207 3207 321 3272 concil.
344 3207 485 3270 Floreat.
509 3219 577 3269 sect
601 3205 632 3270 ὁ.
645 3228 713 3295 cap.
735 3207 787 3272 17.
807 3219 839 3271 et
860 3204 939 3269 alibi
956 3200 1059 3268 habet.
1090 3204 1306 3287 Caeteroquin

206 3338 413 3410 augmentum
435 3327 626 3409 syllabicam
648 3334 685 3394 in
705 3327 883 3393 recentiore
905 3345 1052 3389 sermone
1074 3341 1149 3391 ante
1171 3349 1304 3414 praepo-

205 3449 357 3510 sitionem
384 3450 464 3533 poni
493 3452 576 3516 solet
604 3456 640 3517 in
666 3450 771 3516 verbis
800 3448 1002 3532 compositis,
1032 3451 1062 3513 si
1089 3453 1194 3536 prima
1216 3444 1315 3515 illius

75 3654 79 3674 ι
205 3569 454 3654 praepositionis
481 3574 590 3639 littera
618 3589 799 3637 consonans
827 3581 891 3651 est,
922 3584 958 3635 ut
984 3570 1039 3636 hic
1067 3575 1224 3654 videmus,
1251 3576 1306 3638 sin

205 3703 311 3754 autem
334 3693 454 3758 vocalis
476 3707 534 3773 est,
556 3703 629 3779 post
650 3693 922 3778 praepositionem
937 3695 1038 3759 inseri
1053 3697 1155 3775 debet,
1177 3708 1213 3759 ut
1232 3693 1305 3755 α’πε.

203 3803 307 3892 κρίθη.
350 3815 461 3897 Neque
490 3829 597 3877 tamen
624 3835 750 3900 semper
780 3814 861 3881 haec
889 3818 1001 3902 regula
1023 3821 1225 3895 observatur,
1247 3819 1305 3880 sed

205 3935 412 4000 inveniuntur
434 3937 532 3999 etiam
554 3939 651 4001 verba
673 3939 845 4024 dupliciter
867 3954 972 4019 aucta,
995 3939 1089 4021 quale
1105 3951 1155 4004 est
1176 3932 1304 4012 ε’κατήυ.

202 4075 285 4137 taur,
310 4059 393 4141 quod
415 4058 534 4142 legitur
556 4062 592 4123 in
614 4061 830 4149 Paraphrasis
852 4084 945 4127 versu
969 4063 1019 4127 ta.
1063 4064 1305 4139 Nonnunquam

202 4183 299 4244 etiam
323 4183 481 4246 omittitur
503 4198 721 4268 augmentum,
744 4187 830 4251 velut
852 4207 946 4250 versu
969 4184 1040 4249 131.
1063 4172 1251 4263 dadoprpya.

1205 4304 1248 4368 V.
1272 4305 1304 4372 8.
