2700 4672
118 209 180 262 tht

120 385 518 480 quuntur,noat1o1um
542 385 742 478 temporum
767 358 970 455 hominibus
995 377 1225 473 difficultates

91 608 95 615 4
120 511 248 588 afferre
272 509 397 607 soleat,
421 510 661 613 posteriorum
685 509 902 586 imitationes
919 521 1052 588 certam
1070 513 1227 613 plerum·
1289 576 1296 597 .

123 670 193 744 que
218 641 477 746 interpretandi
500 642 593 720 viam
619 652 906 718 commonstrant
954 643 1079 719 Altera
1097 646 1134 719 in
1154 646 1226 722 hoe

120 776 240 877 posita
264 785 333 863 est,
360 773 468 876 quod,
493 773 673 875 quomodo
697 774 816 878 lingua
842 776 885 849 ab
910 776 1138 876 antiquaria
1164 778 1226 854 de-

120 906 268 999 flexerit,
295 935 315 982 e
339 907 434 983 nulla
459 933 499 982 re
523 907 652 1008 magis,
677 934 784 1007 quam
810 933 855 982 ex
878 907 936 983 his
966 909 1224 988 imitationibus

122 1050 270 1116 emanat
319 1040 401 1115 Huc
425 1038 579 1131 accedit,
603 1048 644 1114 ut
669 1039 702 1114 si
726 1042 783 1114 cui
813 1035 1036 1140 propositum
1069 1053 1127 1117 est
1159 1045 1225 1119 cri·

121 1172 184 1247 tici
208 1197 338 1249 munus
363 1172 554 1261 sustinere,
586 1171 617 1246 is
649 1171 793 1247 demum
823 1171 893 1247 hoc
924 1174 1069 1249 nomine
1094 1173 1222 1274 dignus

120 1303 246 1380 haberi
277 1314 401 1405 queat,
428 1305 490 1404 qui
520 1329 593 1378 non
622 1304 729 1379 modo
768 1304 961 1406 sagacitate
994 1315 1032 1379 et
1047 1367 1049 1371 .
1063 1307 1223 1381 acumine

121 1436 272 1528 excellit,
297 1436 364 1514 sed
389 1436 511 1527 etiam,
536 1462 606 1535 qua
630 1435 768 1512 ratione
792 1447 954 1514 veterum
978 1437 1060 1511 libri
1085 1437 1130 1511 ad
1151 1466 1222 1517 nos

119 1570 366 1670 pervenerint,
391 1569 479 1645 satis
506 1569 622 1643 animo
654 1548 925 1670 comprehendit
955 1579 1064 1669 atque
1094 1594 1135 1642 ea
1166 1580 1223 1663 est

34 1778 37 1783 .
120 1703 304 1779 doctrinae
328 1703 503 1792 ubertate,
527 1711 568 1776 nt
592 1701 726 1790 omnia,
751 1701 882 1801 quibus
906 1701 1025 1800 lingua
1050 1700 1224 1800 quaedam

14 1882 18 1898 ·
120 1834 218 1924 vixit,
242 1843 405 1934 tempora
436 1831 597 1908 conterre
627 1833 722 1908 inter
753 1858 794 1907 se
824 1832 950 1933 possit
1006 1833 1120 1934 Atqui
1148 1833 1225 1933 ptu-
1274 1904 1277 1917 ,

120 1964 210 2040 rima
240 1962 370 2039 menda
405 1966 450 2039 ab
481 1965 656 2065 imperitis
687 1964 863 2041 citerioris
893 1967 971 2040 aeri
1002 1965 1155 2040 librariis
1186 1965 1224 2038 in

120 2098 346 2197 antiquorum
372 2123 479 2198 opera
497 2098 638 2175 invecta
661 2123 744 2172 esse
763 2096 906 2172 scimus.
954 2096 1132 2172 Nimirum
1151 2123 1224 2196 quo

120 2229 202 2329 quis
232 2230 271 2303 in
294 2231 428 2329 majore
461 2230 571 2329 prisci
601 2228 777 2305 sermonis
807 2228 1031 2328 ignoratione
1060 2229 1226 2305 versaba-

119 2371 194 2453 tur,
219 2388 263 2436 eo
289 2361 432 2464 saepius
463 2361 502 2435 in
535 2361 780 2437 describendis
810 2359 1026 2436 membranis
1050 2385 1223 2459 peccasse

121 2503 158 2567 et
183 2519 275 2593 quae
301 2494 452 2569 obscura
476 2492 548 2591 ipsi
570 2491 793 2582 videbantur,
817 2516 884 2567 suo
907 2517 1006 2565 more
1024 2490 1224 2564 correxisse

121 2621 323 2701 censendus
348 2634 416 2707 est.
467 2621 562 2724 Quis
587 2623 705 2726 igitur,
729 2624 763 2700 si
788 2649 999 2713 sennonem,
1025 2648 1098 2722 quo
1114 2621 1225 2697 locuti

120 2768 207 2835 sunt
229 2757 292 2833 isti
316 2732 465 2847 scribae,
488 2755 594 2857 plane
610 2755 761 2856 ignorat,
779 2755 968 2831 vetustatis
986 2762 1225 2844 monumenta,

51 2986 53 2991 ‚
118 2890 183 2964 nbi
212 2897 380 2988 corrupta
411 2896 512 2978 sunt,
549 2885 780 2991 probabiliter
821 2882 1010 2995 emendare
1042 2908 1084 2958 se
1114 2911 1225 2984 posse

119 3020 263 3121 speret?
311 3019 410 3094 Haec
435 3019 552 3094 omnia
576 3019 614 3092 in
632 3018 850 3094 Graecorum
867 3014 1022 3117 linguam
1041 3016 1225 3117 quadrant,

121 3179 214 3252 quae
244 3159 438 3252 postquam
474 3147 533 3225 illa
564 3149 795 3225 humanitatis
830 3157 868 3223 et
900 3148 1083 3223 doctrinae
1112 3158 1226 3222 mater

121 3281 272 3358 Graecia
302 3279 565 3359 Macedonibus
597 3309 724 3385 parere
756 3291 878 3356 coacta
911 3290 984 3371 est,
1015 3281 1148 3357 sensim
1182 3306 1226 3356 ex

118 3413 190 3507 illo,
215 3413 313 3514 quod
337 3413 562 3504 ascenderat,
587 3413 819 3515 perfectionis
852 3412 995 3515 fastigio
1026 3411 1225 3498 descendit,

120 3555 158 3622 et
181 3545 400 3646 procedente
423 3555 585 3647 tempore
609 3554 745 3623 mutato
771 3571 851 3620 cum
877 3544 1030 3620 dominis
1055 3542 1227 3620 Graeciae

119 3686 218 3753 statu
242 3679 354 3779 magis
379 3679 566 3781 magisque
590 3679 628 3753 in
651 3679 848 3780 periculum
874 3678 1029 3752 adducta
1054 3686 1129 3766 est,
1145 3738 1148 3743 .
1165 3676 1228 3750 do-

118 3833 187 3882 nec
218 3810 340 3887 mutus
370 3810 537 3890 defuncta
569 3810 710 3886 casibus
742 3820 867 3884 nostra
896 3808 1065 3884 memoria
1095 3808 1228 3883 revire-

120 3965 227 4016 scens
252 3965 294 4015 ac
317 3940 493 4051 bagbariei
517 3941 720 4042 squalorem
750 3943 971 4042 abstergens,
1003 3939 1104 4029 senii,
1131 3938 1228 4039 quod
1264 3990 1268 3997 -

119 4073 214 4149 inter
230 4044 525 4187 tongdffpopub
547 4075 757 4152 servitutem
781 4083 1008 4148 contraxerat
1032 4071 1152 4160 oblita,
1176 4073 1230 4170 jn·

65 4188 68 4198 ¹
120 4204 275 4285 venilem
309 4231 435 4285 rursus
471 4206 599 4284 faciem
633 4204 783 4283 induere
821 4206 949 4307 coepit.
1005 4202 1082 4279 Sed
1118 4228 1228 4304 quum
