2700 4672
1155 251 1227 301 XXV

124 441 204 490 rum
227 415 397 517 loquendi
423 415 717 493 consuetudinem
735 416 911 518 cognitam
929 416 1060 493 lrabeat
1076 444 1228 497 necesse

124 559 202 639 est,
238 549 301 650 qui
330 550 510 625 difficilem
539 549 632 624 hanc
661 548 860 640 materiam,
890 553 992 651 cujus
1022 553 1167 627 memini
1191 555 1229 628 iu

124 679 363 756 Commentar.
388 683 434 758 ad
458 709 552 761 vers.
577 684 636 772 05,
661 691 759 757 recte
783 691 936 757 tractare
960 683 1047 761 vult.
1079 670 1228 787 ¹Neque

122 812 241 889 minus
265 813 337 888 huc
361 819 543 916 pertinent
566 813 772 914 synizeseos
796 813 911 916 leges,
943 816 988 889 de
1014 817 1144 917 quibus
1170 821 1228 921 egi

123 944 160 1016 in
187 943 426 1020 Commentar.
451 946 496 1020 ad
520 945 665 1048 Dialogi
687 972 781 1024 vers.
809 951 838 1020 1.
893 945 1015 1047 Quid?
1052 951 1149 1048 quod
1174 978 1229 1026 ar-

122 1075 273 1151 tificiosa
297 1078 486 1153 verborum
511 1104 718 1180 compages,
743 1078 789 1152 de
815 1104 886 1179 qua
910 1078 1142 1157 Gramuratici
1165 1108 1228 1157 no-

123 1207 191 1280 stri
214 1208 409 1284 identidem
442 1210 680 1311 scripserunt,
713 1209 789 1287 sola
819 1210 1039 1286 Graecorum
1071 1240 1228 1314 pronun-

122 1338 270 1415 tiatione
302 1367 498 1445 eorumque
528 1342 690 1444 plebejae
721 1343 862 1444 linguae
892 1345 1097 1446 cognitione
1127 1358 1226 1422 recte
1345 1371 1348 1377 '

121 1471 422 1550 animadvertitur.
471 1476 573 1576 Quid
603 1477 696 1550 enim
722 1474 816 1549 aliud
846 1486 904 1550 cst
927 1475 1121 1574 rdrcroprar
1150 1482 1227 1580 (ty-

122 1609 285 1705 ptomae)
305 1634 411 1706 quam
428 1608 557 1684 τύπτω
569 1637 631 1706 με,
651 1604 835 1682 τύπτεσαι
848 1610 1044 1708 (typtesae‚
1061 1609 1105 1682 cl.
1120 1609 1227 1684 Com-

120 1746 230 1811 ment
261 1737 306 1811 ad
333 1766 367 1816 v.
393 1743 460 1836 35)
494 1765 599 1840 quam
629 1738 779 1827 τύπτεις
803 1768 859 1830 σε,
885 1736 1064 1818 τύπτεται
1088 1743 1227 1842 (typic-

120 1871 200 1965 tac)
225 1897 333 1970 quam
357 1870 605 1968 rdrrre-r-(r)
632 1867 660 1963 ἓ,
687 1873 852 1971 quoniam
878 1901 919 1953 αι
944 1881 981 1946 et
1005 1902 1022 1947 ε
1046 1872 1141 1972 apud
1166 1900 1227 1947 an-

120 2001 259 2101 tiquos,
288 2003 374 2078 licet
404 2015 606 2106 temporum
636 2014 815 2078 momenta
847 2003 1039 2095 distarent,
1071 2005 1225 2080 eundem

120 2140 240 2206 tamen
256 2159 384 2211 sonum
400 2138 558 2214 nativum
576 2137 762 2211 habebant
810 2135 904 2211 Hinc
921 2146 1030 2236 patet,
1051 2138 1226 2238 antiquis-

119 2263 250 2338 simum
279 2267 498 2346 Graecorum
524 2270 706 2371 passivum
734 2268 898 2369 periisse,
932 2293 1001 2342 nec
1031 2292 1225 2368 superesse

120 2395 199 2492 ejus
217 2396 401 2498 reliquias,
419 2401 490 2476 nisi
513 2402 685 2477 aoristum
710 2409 748 2475 et
763 2400 930 2490 futurum,
949 2409 1088 2474 caetera
1108 2402 1224 2475 omnia

95 2564 98 2568 ·
119 2537 281 2628 tempora
305 2531 351 2604 ad
375 2535 530 2606 medium
555 2533 746 2633 pertinere,
772 2530 871 2632 quod
899 2530 938 2604 in
961 2535 1162 2632 praesentis
1188 2545 1225 2609 et

118 2661 301 2760 praeteriti
318 2664 492 2763 temporis
510 2663 632 2738 formis
651 2672 801 2763 excepto
818 2662 953 2735 aoristo
969 2673 1112 2763 praeter
1123 2689 1224 2738 suam

119 2793 254 2892 passivi
273 2820 418 2894 quoque
436 2796 614 2897 deperditi
631 2794 926 2896 significationem
943 2793 1090 2894 accepit
1112 2794 1224 2896 Quod

118 2950 205 3000 rero
231 2926 277 3000 ad
300 2928 457 3002 futurum
481 2928 664 3030 passivum
689 2928 826 3017 attinet,
850 2926 936 3001 illud
958 2926 1145 3002 manifesta
1162 2955 1225 3030 pe-

118 3055 273 3157 riphrasi
298 3059 487 3134 conflatum
513 3072 570 3136 cst
594 3088 639 3135 ex
662 3061 707 3135 iis
726 3060 898 3161 partibus,
924 3084 1014 3159 quas
1032 3061 1223 3159 separatim

117 3215 186 3264 suo
211 3216 311 3264 more
336 3204 498 3267 recentes
522 3192 652 3268 Graeci
676 3193 837 3267 efferunt
884 3190 1030 3266 Etenim
1045 3190 1225 3295 γραφθή-

119 3351 242 3420 σομαι
257 3305 345 3396 nihil
362 3334 428 3415 est,
444 3325 514 3400 nisi
528 3328 691 3430 7900pr
709 3321 858 3423 irreptor,
873 3324 967 3423 quod
985 3349 1080 3397 nunc
1094 3322 1222 3399 Graeci

120 3480 166 3528 ex
190 3455 365 3532 citerioris
394 3457 535 3560 linguae
566 3458 727 3559 analogia
758 3456 961 3557 exprimunt
990 3454 1094 3537 uma
1130 3489 1224 3559 ppo-

119 3589 227 3688 φθῇ,
261 3589 307 3663 de
346 3617 418 3690 qua
448 3590 762 3668 circumlocutione
793 3589 939 3688 copiose
970 3586 1151 3685 disputavi
1186 3586 1224 3658 iu

120 3718 320 3796 Comment.
345 3723 391 3797 ad
415 3751 508 3801 vero.
533 3727 614 3799 408.
661 3719 832 3820 Denique
856 3717 945 3792 nilril
969 3715 1158 3817 jucundius
1182 3745 1225 3792 ac

119 3851 338 3931 fructuosius
369 3867 441 3948 est,
479 3883 585 3958 quam
622 3853 788 3956 syntaxin
826 3852 1013 3951 utriusque
1047 3850 1225 3926 sermonis

121 3985 240 4085 graeci
270 3987 449 4077 conlerre,
485 4015 593 4088 porro
630 3988 809 4065 rariorum
845 3983 1017 4082 loquendi
1054 4010 1225 4086 generum

122 4115 357 4195 differentiam
382 4131 523 4211 notare,
554 4145 752 4221 synonyma
781 4115 914 4192 veteris
945 4116 1086 4216 linguae
1116 4118 1225 4192 verba

121 4275 203 4325 cum
232 4261 437 4329 nostrorum
466 4263 669 4355 temporum
700 4276 770 4328 usu
799 4248 1016 4326 contendere
1046 4259 1155 4348 atque
1185 4274 1226 4322 ea
