2700 4672
124 215 194 288 104

126 412 283 491 cernitur,
312 409 394 492 quod
421 419 470 474 est
498 427 580 474 vers.
608 403 675 470 liO
702 396 788 487 φατ’
822 388 895 480 droa
919 391 1064 484 μονακός
1091 419 1164 481 rov,
1193 416 1227 467 et

125 554 207 599 vers.
238 531 301 599 136
329 518 433 610 ἅφηκε
458 519 606 612 μοναχὸν
631 545 705 606 roe,
731 529 786 592 ubi
808 527 880 592 vide
902 527 976 591 adn.
1004 538 1159 591 nostram.
1183 560 1228 575 -

126 643 236 728 ἔπαθα
257 656 279 720 1.
301 677 330 719 e.
355 641 485 725 ἐ’παῇον.
509 688 550 700 -
572 641 684 728 rodeno
704 651 881 736 vulgariter
901 670 961 736 pro
983 638 1107 724 sadran

259 774 300 840 V.
323 774 389 840 214
433 767 557 857 ἑβρισία
585 787 618 839 et
648 766 757 855 ἑβρίζω
790 793 850 859 pro
885 763 1015 852 ὑβρισῖα
1046 783 1080 835 et
1112 763 1229 852 ὖβρῖζω

126 920 213 964 nunc
234 919 357 983 quoque
379 899 493 983 vulgus
506 900 542 962 in
556 898 694 962 Graecia
715 899 904 978 frequentat.
949 894 1021 958 Hoc
1041 885 1171 975 ὑβρισία
1191 896 1229 958 in

128 1023 279 1087 citeriore
307 1022 483 1106 graecitate
519 1022 706 1107 aequiparat
739 1019 904 1099 antiquam
931 1016 1103 1082 dictionem
1129 1006 1229 1097 ὕβρις.

127 1140 255 1209 Similis
277 1143 451 1209 alternatio
474 1142 631 1207 vocalium
649 1165 672 1202 v
686 1153 749 1206 etc
769 1141 856 1204 inira
878 1142 1035 1226 reperitur
1055 1160 1136 1204 vers.
1151 1136 1230 1220 274,

126 1267 181 1330 ubi
202 1265 322 1350 legitur
343 1265 533 1350 adjectivum
555 1253 735 1345 appetenda
758 1274 862 1327 ortum
884 1285 926 1326 ex
947 1252 1140 1344 σ’ῳκυλωός.

259 1387 300 1454 V.
324 1386 399 1451 215.
443 1377 487 1447 cd
508 1380 586 1469 γίνῃ
608 1385 766 1472 explicavi
789 1386 830 1450 ad
853 1406 933 1450 vers.
960 1383 1032 1450 186.
1056 1420 1099 1433 -
1112 1377 1231 1467 ἀργοῦ.

126 1503 174 1590 με’
199 1509 215 1574 1
241 1531 324 1598 pers.
347 1494 519 1596 plpraes.
544 1513 628 1594 oonj.
651 1510 738 1574 verbi
760 1500 851 1590 ἀργῶ
878 1530 920 1573 ex
946 1508 1035 1593 vulgi
1063 1521 1230 1573 eonsuetu-

126 1632 202 1698 dine
223 1653 283 1721 pro
305 1626 463 1713 ἀργῶμεν,
488 1666 531 1682 -

259 1753 402 1824 11116.
448 1741 497 1832 de,
521 1755 772 1835 frequentissimi
794 1774 870 1819 usus
892 1754 1053 1841 particula
1074 1755 1230 1842 apadno·

128 1879 189 1941 stri
211 1878 364 1964 tomporis
388 1876 540 1959 Graecos,
562 1877 726 1965 probabile
749 1876 845 1941 hebet
872 1888 1002 1959 etymon
1030 1879 1069 1940 ab
1098 1879 1231 1960 antiquo

129 2000 319 2085 imperativo
342 2018 410 2065 aar.
433 1997 454 2062 2
477 2012 539 2064 aot.
562 2002 651 2064 verbi
676 1991 877 2081 dolapepqui
899 2000 1058 2062 interdum
1080 2001 1231 2064 similiter

129 2121 165 2184 in
198 2141 281 2184 novo
315 2132 508 2187 testamento
542 2123 711 2187 adhibetur
744 2143 773 2186 v.
803 2142 829 2188 a.
858 2118 974 2185 lllatth.
1005 2142 1071 2209 cap.
1093 2121 1232 2188 XXVII

129 2263 211 2306 vers.
240 2239 283 2307 49
316 2238 345 2304 οἱ
376 2236 412 2305 dd
444 2236 544 2307 λοιποὶ
577 2231 699 2326 ἔλεγον·
733 2232 847 2323 ἄφες,
880 2230 1010 2324 ἴδωμεν,
1048 2239 1076 2303 εἱ
1109 2233 1233 2325 ἔρχπαι

126 2356 234 2434 Ἠλίας
256 2354 370 2426 σώσων
391 2361 504 2445 αὐτόν,
527 2388 607 2449 quae
629 2369 725 2431 verba
747 2367 784 2429 in
811 2368 1022 2430 recentiorem
1052 2388 1233 2433 sermonem
1267 2431 1281 2447 ,

128 2487 175 2550 sle
198 2491 421 2556 transferenda
442 2503 534 2555 sunt:
557 2483 625 2549 ἀλλ’
650 2485 680 2550 οἱ
700 2478 800 2550 λοιποὶ
822 2475 951 2570 ἕλεγαν·
965 2475 1004 2560 ἃς
1019 2485 1135 2570 ι’δῶμεν
1150 2493 1233 2573 (vul.

129 2609 253 2691 gariter
275 2589 404 2695 ἱδοῦμε)
428 2599 470 2671 dv
493 2599 618 2694 ἔρχεται
632 2605 650 2672 d
663 2603 770 2682 Ἢλιάς
792 2600 833 2671 adr
856 2601 909 2673 vde
931 2601 1036 2694 σώσῃ.
1081 2613 1233 2697 Origina-

113 2728 176 2795 ‹iio
205 2729 286 2796 haec
313 2747 484 2821 propterea
512 2737 652 2801 maxime
680 2735 844 2820 probanda
872 2736 1012 2815 videtur,
1041 2737 1123 2817 quod
1151 2737 1233 2802 illud

129 2864 269 2917 veterum
295 2841 373 2934 ἄφες
395 2859 431 2920 in
454 2860 648 2949 carminibus
671 2857 773 2938 quinti
802 2869 835 2920 et
857 2861 942 2923 sexti
969 2859 1084 2922 decimi
1112 2861 1235 2926 saeculi

58 3064 66 3079 .
129 2996 188 3060 per
209 2997 374 3063 syncopen
397 2980 432 3041 in
455 2965 519 3057 ἄφς
541 2980 717 3043 breviatum
741 2980 919 3061 invenitur,
947 2980 1031 3044 unde
1052 3000 1135 3045 nove
1157 3004 1234 3064 syn·

131 3118 209 3182 eope
238 3100 378 3164 admissa
408 3103 487 3164 oriri
514 3102 618 3189 potuit
647 3086 694 3186 die.
746 3102 827 3167 Tale
854 3115 902 3168 est
929 3104 1012 3186 quod
1034 3104 1069 3167 in
1093 3102 1234 3170 Comari

129 3216 312 3284 Erotoorito
335 3223 472 3306 legimus
494 3244 566 3311 pag.
593 3222 670 3289 199:

188 3327 269 3419 ’Ἂφς
290 3334 359 3407 roob
381 3334 434 3405 τὸν
452 3336 660 3428 ‘Permagnam
682 3339 739 3409 ocal
760 3340 856 3408 πιάσε
877 3341 931 3424 τὴν
952 3337 1071 3428 βουλήν
1090 3371 1162 3429 μου.

780 3433 817 3455 υ

129 3460 189 3526 Est
210 3485 285 3529 vero
308 3453 348 3537 cic
370 3465 465 3532 hodie
488 3470 573 3558 apud
596 3471 736 3536 Graecos
762 3470 922 3558 particula
944 3471 1149 3556 imperantis,
1178 3472 1235 3536 ad·

132 3584 310 3670 hortantis,
347 3594 507 3678 optentu,
538 3595 695 3681 cupientis
722 3603 755 3655 et
784 3592 997 3659 concedentis.
1048 3593 1235 3658 Postremus

130 3709 332 3792 significatus
360 3715 497 3778 omissus
530 3728 579 3778 est
606 3736 626 3780 a
656 3714 759 3778 Corae
793 3715 835 3778 ad
862 3714 1095 3802 Ptoelroprodr.
1110 3747 1113 3752 ·
1130 3736 1161 3802 p.
1191 3714 1235 3782 98

130 3851 227 3911 seqq.‚
251 3829 307 3894 ubi
328 3818 458 3919 praeter
480 3858 552 3901 eam
574 3856 669 3919 quam
694 3838 871 3900 memoravi
904 3838 1135 3902 derivationem
1162 3858 1236 3926 per.

130 3950 248 4015 ticulae
276 3964 309 4017 et
336 3944 419 4020 alias
448 3959 538 4040 duas,
570 3958 683 4041 quibus
707 3957 814 4022 album
837 3959 995 4026 calculum
1017 3962 1157 4047 adJ'ioere
1180 3962 1236 4026 du·

129 4072 213 4175 bito,
240 4078 393 4163 proponit
422 4092 455 4147 et
483 4090 630 4145 accurate
652 4082 780 4147 natales
802 4081 897 4170 hujus
919 4085 1049 4150 voculae
1072 4105 1142 4148 cum
1166 4087 1237 4168 ejus

128 4208 288 4295 potestate
310 4200 476 4266 declarare
499 4212 611 4269 tentat.
643 4204 873 4275 .Conoedentis
895 4207 977 4273 baec
998 4207 1112 4273 vocula
1133 4218 1184 4271 est
1199 4207 1237 4271 in
