2700 4672
1101 239 1170 295 ivn
1249 304 1251 309 ἢ

67 426 131 480 ros
160 403 356 504 inquibus
386 396 493 477 nimis
526 398 674 476 barbare
705 399 847 479 locutus
879 413 992 496 esset,
1023 405 1179 511 denique

67 563 150 627 eos,
175 538 212 611 in
244 537 374 636 quibus
405 559 476 610 vox
505 532 612 635 paulo
644 534 761 636 aptior
791 535 837 611 ad
867 537 986 639 graeci
1015 541 1178 618 vocabuli

66 677 281 770 potestatem
299 666 528 759 reddendam,
544 665 632 744 mihi
649 668 687 744 in
704 679 861 746 mentem
878 671 1026 750 veniret.
1070 670 1176 775 Quae

65 827 177 902 quum
201 801 250 877 ita
275 801 359 893 sint,
383 797 490 904 longe
515 799 768 903 elegantiorem
792 801 885 878 hanc
908 803 1176 882 translationem

66 933 208 1009 efficere
240 934 449 1036 potuissem,
486 933 519 1008 si
555 933 593 1007 id
630 935 734 1010 unice
771 934 859 1010 mihi
893 938 1175 1038 proposuissem.

67 1064 201 1142 Verum
233 1066 349 1168 ipsum
382 1065 577 1169 elegantiae
607 1065 783 1158 studium,
821 1067 919 1168 quod
957 1068 990 1143 si
1026 1069 1175 1147 nimium

66 1206 157 1290 erat,
188 1198 366 1276 tironibus
396 1199 434 1275 in
463 1198 534 1275 hoc
565 1225 674 1301 opere
706 1198 882 1276 obfuisset
911 1200 1033 1301 potius
1067 1228 1174 1302 quam

65 1330 271 1431 profuisset,
295 1331 425 1407 tinibus
464 1333 677 1433 quibusdam
715 1314 1077 1408 circumscribendum
1108 1361 1174 1436 pu·

64 1463 148 1540 tavi.
209 1461 304 1539 Nam
334 1452 600 1565 perspicuitatis
632 1491 740 1542 causa
772 1461 945 1566 quaedam
975 1465 1093 1542 minus
1122 1465 1174 1542 la·

62 1595 136 1671 tina
161 1595 299 1697 reliqui,
323 1592 423 1673 velut
445 1621 571 1673 vocem
587 1578 788 1698 'chmus
819 1604 930 1673 sensu
953 1597 1104 1673 barbaro
1134 1597 1173 1672 in

63 1726 297 1804 translatione
328 1725 467 1830 dialogi.
522 1727 646 1829 Quum
677 1737 794 1804 autem
825 1728 990 1806 ducentis
1020 1728 1096 1804 lere
1121 1728 1173 1805 lo·

64 1860 116 1935 cis
141 1861 179 1934 iu
202 1886 312 1962 parvo
338 1859 408 1934 hoc
431 1868 597 1960 poemate
613 1858 734 1936 Crusii
748 1861 1079 1964 interpretationem
1097 1886 1172 1936 mu·

63 1992 221 2083 taverim,
247 1993 385 2068 exstitit
408 1993 610 2083 translatio,
635 2017 728 2093 quae
751 1993 822 2092 jam
844 2020 919 2071 non
941 1994 1055 2098 magis
1082 1992 1172 2072 Cru-

64 2123 124 2212 sii,
154 2150 260 2225 quam
291 2151 369 2199 mea
401 2135 467 2202 est
523 2125 651 2227 ltaque
682 2124 721 2200 in
751 2106 856 2214 titulo
885 2124 990 2224 hujus
1020 2125 1103 2202 libri
1133 2126 1171 2200 in

63 2264 241 2354 suspenso
271 2257 542 2357 relinquendum
575 2282 658 2332 esse
690 2265 789 2332 ratus
829 2279 928 2344 sum,
965 2283 1091 2333 meane
1121 2258 1171 2335 sit

61 2385 309 2487 interpretatio
335 2415 379 2463 an
405 2388 536 2464 Crusii.
585 2384 698 2488 Quod
722 2385 900 2486 reliquum
925 2397 999 2476 est,
1022 2389 1171 2464 ubicun-

63 2544 134 2618 que
165 2519 323 2594 locorum
356 2519 530 2594 Crusiana
560 2516 819 2619 interpretandi
842 2515 943 2606 ratio,
969 2541 989 2590 a
1019 2541 1077 2592 me
1106 2521 1170 2594 im·

61 2651 221 2752 probata,
247 2651 291 2725 ab
316 2649 393 2726 aliis
420 2649 563 2726 delendi
587 2675 699 2751 posse
723 2647 926 2738 videbatur,
960 2646 1072 2742 (duos
1104 2651 1169 2726 hu·

59 2782 214 2883 jusmodi
238 2783 338 2860 locos
364 2809 447 2859 esse
472 2782 656 2883 suspicor)
683 2806 836 2882 aequum
859 2806 918 2854 me
942 2778 1090 2880 praebui
1104 2783 1168 2879 *ju-

60 2912 192 3007 dicem,
223 2918 429 2992 memoratis
463 2916 502 2989 in
534 2914 799 2991 Commentario
829 2913 950 2989 verbis
982 2910 1167 2988 Crusianis

59 3046 246 3148 allatisque
271 3049 499 3150 argumentis
526 3073 636 3147 quare
660 3047 720 3121 illa
743 3048 959 3154 rejecissem.
997 3043 1167 3145 Denique

58 3179 343 3256 Commentarius
384 3205 456 3282 quo
494 3179 564 3253 hoc
602 3205 746 3254 carmen
778 3177 953 3256 illustravi
988 3175 1167 3278 duplicem

57 3311 167 3387 habet
189 3320 361 3387 naturam.
410 3312 482 3388 Est
507 3311 601 3386 enim
625 3321 700 3387 tam
725 3336 849 3387 eorum
870 3311 952 3388 usui
969 3335 1166 3385 accommo-

57 3443 172 3535 datus,
199 3445 260 3544 qui
284 3443 443 3520 nondum
467 3442 650 3547 vulgarem
679 3469 881 3520 sermonem
912 3468 1078 3545 graecum
1112 3441 1165 3516 di·

56 3575 228 3667 dicerunt,
254 3604 360 3678 quam
394 3577 455 3677 qui
485 3579 557 3674 jam
588 3575 651 3651 diu
680 3576 721 3650 in
753 3602 796 3650 eo
826 3573 998 3649 discendo
1030 3573 1165 3650 versati

56 3719 148 3781 sunt
203 3706 303 3785 olim
333 3709 477 3810 quidem
508 3707 763 3784 constitueram
793 3703 901 3781 talem
932 3704 1081 3780 eruditis
1114 3703 1166 3778 of·

55 3837 148 3911 lerre
178 3837 590 3949 Commentariuquui
625 3865 859 3942 quaecunque
890 3837 928 3912 in
958 3833 1085 3912 Corais
1117 3833 1164 3908 de

54 3969 255 4080 recentiore
278 3971 397 4072 lingua
421 3946 589 4074 opfflus
614 3972 672 4053 vel
697 3971 846 4063 omissa,
877 3969 935 4048 vel
967 3994 1041 4043 non
1074 3965 1163 4042 satis

54 4113 153 4178 recte
178 4101 351 4204 explicata
377 4112 500 4179 essent
525 4105 578 4179 sic
603 4105 918 4206 complecteretur,
948 4110 991 4179 ut
1023 4097 1167 4202 supple-

55 4245 213 4329 mentum
239 4236 362 4312 haberi
387 4243 513 4338 posset
537 4232 721 4312 doctrinae
747 4236 998 4336 grammaticae
1029 4234 1073 4308 ab
1104 4229 1166 4304 illo

768 4409 870 4447 ἠΗΝ
