2700 4672
42 254 45 264 ·
117 219 179 273 XVI

119 387 352 467 Graeciama
376 386 606 462 harbarorum
630 387 715 488 jugo
739 382 926 478 liberatum
950 388 1004 480 iri,
1030 415 1141 490 quum
1164 391 1230 469 ho·

119 531 213 599 stem
225 545 298 595 non
310 502 427 597 minus
440 527 637 621 potentem,
654 517 899 620 ignorantiam,
912 520 1069 598 vicisset
1094 521 1230 623 Quam·
1278 576 1282 582 -

119 652 243 729 obrem
268 651 410 728 scholas
435 661 473 727 et
498 649 681 750 gymnasia
705 649 744 725 in
767 650 875 729 variis
900 653 1043 753 oppidis
1061 655 1230 732 condide-

118 795 204 861 runt
228 783 352 860 accitis
377 781 620 858 celeberrimis
639 781 843 882 quibusque
861 793 898 859 et
920 783 1139 863 doctissimis
1156 815 1231 862 ma·

119 916 251 1018 gistris.
301 914 491 1014 Quaeres
517 922 689 1014 qnantum
713 913 865 991 valuerit
894 917 940 991 ad
964 914 1124 994 Graecos
1150 945 1230 994 eru·

119 1046 272 1124 diendos
298 1045 369 1121 dici
393 1047 453 1124 vix
478 1054 610 1148 potest.
646 1044 757 1121 Multi
773 1047 868 1123 enim
885 1056 958 1123 tam
976 1047 1105 1151 ligatae
1122 1078 1230 1151 quam

120 1180 259 1257 solutae
284 1178 455 1255 orationis
479 1177 676 1278 scriptores
708 1204 753 1252 ex
783 1204 829 1255 eo
858 1189 1021 1282 tempore
1050 1184 1121 1281 jam
1149 1183 1229 1258 bar-

119 1312 216 1389 baris
240 1310 389 1389 vocibus
415 1311 665 1389 abstinuerunt
689 1310 839 1413 perenni
861 1311 922 1393 illo
954 1323 992 1389 et
1015 1313 1228 1391 inexhausto

119 1444 206 1523 aviti
230 1442 407 1519 sermonis
430 1442 530 1518 fonte
553 1468 669 1522 novos
692 1441 855 1521 hortulos
880 1445 1078 1547 irrigantes.
1104 1446 1229 1548 Quare

121 1575 295 1676 quidquid
319 1601 449 1656 recens,
474 1584 572 1651 aetas
597 1576 821 1677 excogitavit,
845 1577 1002 1678 antiquis
1023 1578 1227 1654 nominibus

22 1710 26 1717 ’
120 1708 213 1784 scite
237 1706 469 1808 appellarunt,
494 1733 586 1787 nova
611 1708 718 1785 etiam
735 1709 913 1810 lingentes
930 1709 1111 1801 vocabula,
1136 1736 1228 1812 quac

119 1866 168 1915 ne
193 1864 353 1917 summos
379 1826 522 1940 quidem
547 1841 770 1941 antiquitatis
795 1850 956 1917 oratores
980 1850 1044 1917 aut
1071 1841 1229 1942 philoso-

120 1973 225 2075 phos,
249 1971 282 2046 si
305 1972 503 2063 novissent,
528 1972 778 2074 repudiaturus
802 1962 915 2048 fnisse
947 1972 1130 2073 probabile
1161 1985 1227 2050 est

120 2105 207 2182 Non
231 2113 353 2181 tamen
377 2105 498 2181 cuncti
522 2105 672 2179 eandem
695 2105 788 2184 riam
820 2105 860 2178 in
883 2104 1088 2180 excolenda·
1107 2106 1228 2207 lingua

120 2238 275 2339 ingressi
300 2247 394 2315 sunt
442 2236 517 2315 Alii
539 2239 712 2336 majorum
735 2235 890 2337 linguam
915 2237 968 2312 sic
993 2247 1163 2328 amarunt,
1186 2247 1229 2313 ut

120 2397 208 2473 prae
237 2369 305 2445 hac
336 2370 452 2472 plebis
483 2395 684 2473 sermonem
716 2379 938 2469 spernerent.
994 2368 1159 2470 Quorum
1189 2370 1227 2444 in

120 2529 280 2594 numero,
306 2512 347 2579 nt
370 2503 470 2593 ulios,
495 2501 557 2602 qui
581 2510 770 2576 antaeum
794 2499 970 2592 vixerunt,
992 2510 1139 2591 taceam,
1163 2527 1227 2576 no·

121 2646 199 2713 stro
224 2640 330 2715 etiam
355 2633 497 2712 saeculo
522 2631 738 2732 Neophytos
763 2632 887 2710 Ducas
912 2633 993 2723 luit,
1019 2634 1124 2709 editis
1149 2661 1227 2709 ora-

120 2768 260 2844 toribus
285 2767 429 2860 Attiois,
454 2763 664 2865 Thucydide
689 2765 840 2866 aliisque
865 2766 1069 2841 auctoribus
1100 2766 1226 2842 clarus.

122 2900 195 2977 Alii
236 2901 417 3002 vulgarem
454 2896 684 2997 graecitatem
714 2898 794 2973 sine
824 2896 894 2971 ulla
926 2895 1001 2972 lere
1030 2898 1226 2972 mutatione

122 3033 322 3109 scribendis
347 3027 563 3107 carminibus
587 3030 776 3129 omnisque
801 3028 942 3130 generis
958 3028 1059 3105 libris
1082 3031 1127 3105 ad
1150 3055 1226 3103 rem
1284 3008 1287 3013 ¹

121 3165 328 3243 litterariam
368 3161 614 3263 spectantibus
657 3172 777 3263 aptam
812 3154 896 3239 csse
932 3164 1093 3239 arbitrati
1115 3168 1225 3238 sunt.

121 3297 250 3398 ltaque
273 3303 403 3396 poetae
427 3293 587 3369 nonnulli
612 3305 650 3370 et
674 3294 853 3396 pedestris
878 3296 1050 3371 orationis
1076 3295 1226 3395 scripto·

122 3456 182 3505 res
208 3426 431 3518 exstiterunt,
457 3427 520 3527 qui
543 3454 590 3502 ne
614 3438 857 3507 transversum
878 3429 1022 3529 quidem
1039 3425 1226 3528 digituma

122 3557 219 3660 vulgi
248 3558 508 3635 consuetudine
538 3558 775 3639 discederent.
830 3559 928 3636 Talis
959 3559 1042 3650 luit,
1072 3557 1136 3658 qui
1166 3583 1226 3632 ex-

123 3699 231 3766 eunte
255 3691 398 3767 saeculo
424 3693 609 3793 superiore
640 3704 677 3771 et
705 3694 811 3792 hujus
844 3689 976 3766 saeculi
1006 3691 1108 3765 initio
1137 3690 1227 3767 vixit

121 3821 340 3900 Athanasius
366 3823 630 3927 Christopulus‚
654 3821 825 3923 praeclari
847 3822 981 3925 ingenii
1002 3821 1067 3913 vir,
1093 3824 1155 3925 qui
1171 3850 1226 3898 re·

35 4030 41 4042 ,
122 3956 292 4033 centioris
317 3956 490 4034 Graeciae
514 3959 703 4033 Anacreon
727 3953 855 4031 merito
879 3966 1113 4058 nuncupatur.
1143 3954 1225 4045 Atii,

122 4091 265 4187 rejectis
286 4089 471 4187 ¹uocabulis
497 4087 721 4163 extrinsecus
751 4087 876 4181 allatis,
908 4116 986 4164 eam
1011 4111 1225 4190 quaech

121 4220 159 4298 in
184 4222 308 4325 populi
331 4200 394 4303 dre
419 4231 484 4305 est
499 4219 655 4326 linguam
681 4230 718 4297 et
741 4220 972 4323 loquentibus
1005 4231 1043 4295 et
1067 4218 1225 4296 scriben-

429 4350 530 4423 νῖν·
1125 4351 1223 4425 tibus
