2700 4672
130 226 189 279 xlv
263 259 269 266 x

129 393 501 495 Ptocbopruclromum
545 395 590 468 ob
632 405 879 497 paupertatem
921 409 1137 499 nuncupant.
1200 401 1238 478 Is

130 527 340 604 duodecimo
373 535 458 626 post
488 525 571 602 Chr.
609 553 643 599 n.
680 528 823 602 saeculo
860 529 928 603 snb
959 528 1130 606 Manuele
1168 532 1239 608 Co-

129 672 270 748 mnetro‚
291 659 334 731 ab
360 683 454 732 anno
484 660 574 730 1143
592 657 636 731 ad
657 660 751 732 1180
776 658 872 759 apud
896 659 1056 736 Graecos
1082 661 1239 764 Impera·

128 802 218 880 ture,
242 789 338 866 vixit
388 789 482 864 Sunt
506 799 636 880 tamen,
663 790 725 888 qui
749 793 820 889 jam
844 790 944 891 prius
955 791 1159 869 Simeonem
1173 796 1239 872 Se·

128 923 240 1012 thum,
267 947 373 1021 quem
398 922 494 995 inter
519 947 632 997 annos
664 924 755 996 1070
781 932 819 996 et
841 924 936 996 1080
961 921 1126 1001 llornisse
1151 928 1238 1015 urul-

127 1066 244 1130 torum
270 1051 392 1152 opinio
418 1062 484 1143 est,
510 1051 688 1128 Chronica
713 1053 850 1154 vulgari
868 1052 1074 1130 Graecitate
1094 1085 1238 1161 compo·

128 1189 246 1263 suisse
277 1184 427 1258 tradant
484 1182 838 1284 Ptochoprodromus
869 1185 941 1260 dno
973 1186 1118 1288 reliquit
1149 1200 1235 1291 pot}-

126 1328 231 1407 mata‚
257 1342 408 1417 qnorum
439 1325 631 1415 utrumque
663 1315 822 1391 Manueli
851 1316 1063 1418 Imperatori
1093 1320 1234 1399 dicavit

127 1449 322 1525 loliorum
347 1448 458 1523 altero
485 1447 530 1522 de
555 1458 765 1549 paupertate
790 1474 865 1538 sua,
889 1449 926 1522 in
952 1449 1064 1525 altero
1089 1453 1134 1528 de
1160 1482 1235 1530 mo-

112 1582 273 1658 nasterii
299 1580 559 1681 suipraelecto
586 1583 824 1682 conqueritur.
878 1566 1083 1683 Utrumque
1107 1595 1234 1686 poema
1274 1674 1281 1688 ι

126 1739 298 1817 perquam
323 1713 485 1812 ineptum
511 1722 577 1803 est,
603 1713 749 1815 dignum
772 1739 875 1804 veru,
903 1714 1000 1813 quod
1032 1715 1075 1789 ab
1108 1715 1154 1792 iis
1185 1718 1234 1793 le·

127 1855 245 1948 gatar,
277 1846 339 1944 qui
371 1871 463 1944 quae
494 1844 623 1945 cuique
654 1845 796 1921 saeculo
832 1845 1006 1946 graecitas
1037 1846 1144 1924 luerit
1175 1876 1233 1925 co·

78 1976 80 1981 ’
126 2002 300 2080 gnoscere
325 1976 495 2050 laborant.
544 1976 620 2051 Sed
651 2003 694 2052 eo
728 1976 954 2078 potissimum
984 1978 1130 2054 nomine
1160 2007 1232 2056 me·

125 2108 306 2185 morabilia
332 2118 417 2182 suut
442 2108 510 2182 ista
536 2108 700 2199 carmina,
738 2109 835 2209 quod
860 2107 945 2183 hinc
970 2111 1132 2213 exiguam
1156 2123 1233 2189 tau-

124 2253 201 2333 tum
226 2239 537 2315 animadvertimus
564 2240 798 2315 differentiam
823 2242 917 2317 inter
941 2241 1123 2344 uulgarem
1144 2244 1231 2319 duo·

106 2371 254 2450 'decimi
278 2371 411 2448 saeculi
429 2372 582 2474 linguam
603 2384 639 2448 et
663 2373 843 2474 plebeium
867 2384 1013 2450 nostrae
1039 2376 1229 2451 memoriae

124 2506 344 2583 Graecorum
368 2531 580 2580 sermonem.
629 2504 766 2582 Verum
785 2506 945 2608 quamvis
967 2505 1069 2604 plebs
1089 2508 1132 2580 ab
1152 2534 1231 2582 eru-

124 2640 280 2715 ditorum
303 2636 475 2738 loquendi
499 2652 623 2713 norma
638 2640 709 2739 jam
727 2639 878 2713 nr'ultum
896 2637 1086 2728 aberraret,
1110 2648 1230 2714 tamen
1264 2644 1268 2649 ’

124 2772 291 2871 antiquae
314 2770 456 2871 linguae
482 2771 638 2846 studium
669 2770 719 2842 ira
745 2767 845 2842 cordi
876 2766 1094 2843 doctioribus
1123 2769 1230 2846 ditio·

122 2871 294 3002 cibusque
320 2912 358 2978 et
381 2903 470 3003 ipsis
495 2899 774 3001 Imperatoribus
800 2907 886 2988 erat,
911 2908 952 2973 ut
977 2900 1146 3001 quamdiu
1169 2930 1228 2978 res

123 3035 317 3136 Byzantina
343 3034 455 3123 stetit,
478 3031 515 3104 in
542 3030 736 3104 aulicorum
762 3028 1021 3133 docturumque
1046 3033 1227 3109 hominum

123 3186 185 3244 ore
210 3192 328 3244 sermo
354 3161 575 3264 antiquitatis
600 3160 805 3238 versaretur
830 3189 874 3237 ac
897 3172 969 3237 tam
993 3164 1031 3238 in
1056 3167 1146 3242 actis
1157 3192 1228 3268 'pu-

121 3302 224 3376 blicis
257 3322 362 3399 quam
393 3297 431 3369 in
462 3291 681 3368 eruditurum
713 3295 857 3404 scriptis
890 3296 1126 3373 adhiberetur.
1174 3300 1228 3373 At

121 3434 184 3509 nbi
206 3429 373 3510 victrices
398 3426 595 3500 Turcarum
619 3425 779 3528 legiones
806 3426 1142 3530 Constantinopolin
1168 3455 1227 3505 ex·

121 3568 333 3667 pugnarunt,
359 3583 468 3659 quum
493 3557 655 3658 plerique
678 3559 747 3636 viri
771 3557 868 3635 docti
899 3561 936 3633 in
966 3560 1103 3639 ltaliam
1128 3562 1227 3636 aulu-

121 3699 276 3797 gissent,
306 3699 404 3765 tanta
429 3691 544 3791 pestis
574 3691 694 3766 subito
726 3691 849 3792 populi
878 3690 1055 3790 loquelam
1084 3691 1225 3782 invasit,

120 3834 162 3899 ut
185 3849 311 3924 parum
336 3824 493 3913 abesset,
520 3823 607 3922 quin
631 3824 859 3898 barbararum
889 3846 1018 3896 vocum
1049 3822 1224 3926 farragine

121 3956 249 4032 obruta
272 3980 398 4060 graeca
423 3981 506 4030 esse
531 3953 721 4030 desineret.
771 3952 865 4054 Quis
892 3952 985 4026 enim
1011 3980 1126 4055 aequo
1151 3957 1224 4030 ani-

19 4148 22 4154 .
119 4105 179 4165 mo
202 4089 421 4165 Graecorum
447 4086 581 4186 scripta
605 4085 723 4188 legere
747 4094 879 4186 potest,
905 4112 997 4185 quae
1027 4085 1099 4160 hoc
1125 4087 1224 4190 vulgi

10 4190 19 4202 .
120 4246 283 4299 sermone
309 4220 354 4296 de
378 4218 527 4296 historia
551 4217 645 4292 illios
670 4218 797 4294 aetatis
822 4217 984 4294 conlecta
1008 4216 1114 4320 paulo
1139 4229 1223 4297 ante
