2700 4672
216 175 263 247 (12

144 384 147 389 ’
217 368 349 440 cubilia
372 367 474 434 dono.
498 395 541 416 -
565 358 628 447 ἐγὼ
650 356 694 424 vd
715 359 777 423 σοῢ
796 355 930 443 repaire).
976 361 1039 426 Hic
1054 381 1176 444 qnoque
1192 352 1323 426 odeum

219 497 315 580 Conj.
337 493 437 558 laturi
457 487 657 578 periphrasis
680 497 737 551 est.
781 486 886 549 Porro
914 481 976 544 σοῦ
997 505 1056 571 pro
1084 476 1138 546 ool
1164 486 1324 572 accipien-

218 619 302 683 dum.
326 615 378 681 De
391 614 513 695 reliquo
527 603 649 694 χμρῖζω
665 629 724 696 pro
740 597 914 692 χαρίζομαι
924 608 1116 672 recentioris
1131 610 1248 674 aetatis
1263 621 1323 673 est.

350 732 392 804 V.
416 733 468 800 tl.
515 725 637 814 στρὲφω
665 742 698 796 et
725 720 835 791 aciaco
868 731 1032 795 inferioris
1058 731 1131 796 aevi
1158 731 1324 816 significa·

220 876 288 928 tum
310 861 365 925 hic
387 858 523 937 habent,
546 858 593 921 ita
614 866 651 918 ut
679 853 816 918 alterum
844 855 888 918 sit
914 850 1057 930 reduco,
1083 853 1221 918 alterum
1243 873 1324 940 pro-

219 982 334 1063 mitto,
364 983 403 1048 ol.
425 980 558 1059 corais,
583 947 939 1063 ’Arwu.11.,p.‘304.
968 1011 1013 1025 -
1041 969 1117 1036 πάλι
1142 998 1202 1064 pro
1230 966 1326 1036 πάλιν

214 1111 286 1192 J’am
307 1105 429 1193 passim
451 1102 535 1189 apud
557 1101 707 1181 antiquos
734 1111 847 1186 poetas
868 1097 996 1183 legitur.
1041 1133 1085 1145 -
1127 1092 1244 1180 ὀμπρὸς
1265 1119 1324 1186 pro

220 1217 400 1310 ἔμπροσὲεν
432 1246 474 1290 ex
504 1223 658 1307 analogia
691 1221 823 1305 linguae
855 1222 1008 1304 antiquae
1040 1241 1061 1286 a
1092 1224 1324 1287 recentioribus

220 1362 402 1438 usurpatur.
447 1347 569 1412 Notum
595 1346 765 1424 nimirum,
794 1362 888 1425 quam
915 1365 1012 1431 saepe
1037 1367 1057 1406 o
1077 1357 1111 1409 et
1133 1367 1149 1404 ε
1175 1347 1212 1409 in
1240 1346 1324 1410 anti-

221 1494 354 1558 quorum
377 1469 525 1535 dialectis
547 1467 719 1532 alternent.
770 1465 856 1531 Vide
878 1467 996 1532 Matth.
1020 1467 1075 1534 Gr.
1101 1467 1157 1532 Gr.
1180 1469 1272 1532 Tam.
1296 1468 1322 1532 l.

222 1616 297 1684 pag.
321 1593 374 1660 49.
398 1593 447 1658 ed.
471 1586 513 1654 lI.
537 1587 745 1683 significatio
769 1589 880 1654 eadem
901 1602 972 1671 est;f
988 1609 1086 1672 quara
1109 1590 1243 1655 Cronius
1257 1610 1324 1655 non

221 1732 309 1785 recte
330 1717 427 1782 vertit
448 1709 597 1778 ulterius.
648 1684 773 1779 Sensus
795 1725 860 1778 est:
889 1713 1065 1793 „reducam
1094 1725 1127 1778 te
1149 1713 1323 1796 inlocum,

191 1826 198 1837 ’
221 1842 276 1908 uli
298 1848 405 1904 antea
428 1831 552 1901 luisti.''

352 1960 395 2024 V.
418 1956 472 2023 25.
517 1949 626 2034 rodano
653 1961 675 2024 i.
698 1981 726 2024 e.
756 1949 879 2032 ταὼην.
917 1991 961 2004 -
999 1953 1060 2018 ποῦ
1086 1961 1125 2023 ci.
1148 1970 1261 2026 notata
1283 1961 1323 2026 ad

222 2103 301 2150 vers.
325 2080 356 2146 3.
380 2117 424 2130 -
446 2080 559 2161 repat,-
579 2100 639 2168 pra
661 2081 798 2163 βεωρεῖς,
820 2081 924 2143 forma
946 2090 1121 2172 contracta,
1143 2102 1206 2166 qua
1226 2103 1323 2172 saepe

221 2225 307 2270 nunc
330 2204 444 2288 vulgus
466 2203 577 2267 utitur.
607 2223 609 2228 ’
639 2202 776 2289 Legitur
798 2214 830 2266 et
852 2203 938 2267 inira
959 2223 1041 2268 vers.
1065 2202 1128 2271 451
1152 2204 1324 2287 θωροΐυαν

222 2349 282 2415 pro
304 2325 497 2408 βεωρσῢσαν.
520 2358 564 2375 -
585 2316 641 2400 ruia
661 2315 800 2408 κυριεῦω.
816 2347 898 2390 nove
920 2326 1056 2407 dictum,
1084 2328 1199 2416 quippe
1221 2329 1324 2394 multa

223 2453 334 2530 verba,
358 2452 471 2532 quibus
499 2447 576 2512 olim
606 2449 766 2532 genitivus
795 2449 929 2532 adjungi
955 2448 1094 2530 solebat,
1117 2452 1152 2515 in
1175 2453 1324 2517 citeriore

223 2573 399 2656 graecitate
430 2589 499 2634 cum
528 2569 723 2636 Accusativo
753 2580 993 2636 construuntur.
1043 2571 1138 2638 Talia
1159 2586 1235 2639 sant
1256 2569 1323 2636 δέο-

221 2717 296 2774 μαι,
330 2694 413 2775 quod
441 2711 521 2757 vers.
554 2691 581 2755 1.
610 2691 660 2754 sic
687 2704 874 2777 usurpatum
901 2695 1098 2778 invenimus,
1131 2688 1264 2778 κυριεύω
1291 2709 1324 2761 et

222 2817 304 2898 quod
320 2835 407 2904 vers.
429 2813 577 2894 sequenti
599 2822 706 2877 exstat
726 2805 892 2890 βασιλεύω.

329 2935 397 3000 v.
421 2932 475 2998 aa.
520 2927 599 2993 aaa
625 2926 666 2992 ’u
689 2907 749 2996 aaa
770 2937 791 3000 i.
816 2959 842 3001 e.
871 2931 950 2999 aaa
976 2927 1022 2999 a,
1049 2935 1116 2999 eoa.
1168 2939 1255 3016 Quia
1272 2947 1324 3025 ju.

173 3129 180 3140 ,
223 3058 397 3124 acanum
418 3057 463 3120 sit
485 3055 523 3118 ae
547 3043 602 3135 a,
627 3019 790 3124 affluimus
813 3061 855 3125 aa
876 3061 998 3144 dialogi
1023 3080 1104 3123 vers.
1128 3059 1157 3124 a.
1186 3093 1229 3106 -
1252 3057 1324 3140 aa,

223 3179 305 3262 quod
332 3177 585 3264 transpositione
615 3178 795 3246 litterarum
823 3192 933 3246 natum
955 3179 1084 3243 videtur
1105 3203 1146 3246 ex
1168 3169 1244 3258 ὦδε,
1267 3187 1323 3250 ad.

210 3300 364 3365 -verbium
387 3299 451 3363 loci
472 3312 532 3380 est,
555 3302 759 3386 significans:
781 3297 845 3364 iic.
883 3331 927 3349 -
964 3299 1005 3364 ln
1027 3290 1119 3374 ὅλους
1139 3324 1211 3375 τους
1232 3305 1323 3390 salvo

223 3442 321 3492 sensu
358 3425 468 3488 abesse
503 3435 630 3511 poterat
661 3443 748 3502 reve,
786 3421 869 3502 quod
902 3431 1010 3487 tamen
1041 3427 1180 3514 scriptor
1211 3439 1323 3525 noster

202 3546 341 3611 -addere
380 3545 468 3611 ‘solet
509 3558 583 3634 post
624 3542 781 3631 pluralem
820 3543 967 3610 vocabuli
1003 3534 1080 3618 ὅλος.
1145 3548 1197 3614 lta
1235 3550 1322 3618 inira

222 3664 396 3732 veraldi
424 3657 491 3729 ὅλοι
525 3685 611 3740 τους,
645 3665 699 3728 ubi
726 3681 797 3735 τους
825 3684 921 3750 aegre
950 3670 1119 3736 transferri
1149 3681 1256 3758 potest
1285 3675 1321 3738 in

222 3789 305 3854 alias
325 3788 465 3874 linguar.
516 3784 619 3850 Ratio
646 3795 770 3866 autem,
799 3807 856 3851 cur
883 3790 1040 3874 adjectum
1063 3792 1121 3873 sit,
1151 3792 1321 3859 admodum

221 3909 319 3997 plana
341 3921 400 3974 est
444 3905 529 3970 Nam
552 3925 647 3989 quum
669 3926 740 3980 teve
761 3913 942 3998 possessiva
970 3924 1130 4000 potestate
1157 3918 1319 4000 iungatur,

221 4045 257 4098 ur
278 4025 319 4093 ud
339 4021 445 4134 enirm
471 4047 543 4101 reve
570 4026 687 4095 domus
707 4028 873 4118 ipsorum,
895 4047 984 4122 patet
1010 4025 1076 4097 ὅλοι
1098 4054 1170 4108 τους
1190 4041 1320 4126 proprie

221 4175 290 4220 esse
314 4173 431 4221 omnes-
446 4149 613 4239 iptorum,
641 4155 725 4239 quod
753 4169 839 4225 recte
862 4158 1034 4239 diceretur,
1063 4161 1108 4241 si,
1131 4163 1186 4244 qui
1207 4179 1319 4230 omncs

576 4270 582 4297 r
