2700 4672
1079 210 1168 260 XXXl

61 410 82 456 a
106 381 246 458 Latinis
272 381 387 458 littera
412 382 446 473 b,
471 381 570 459 velut
592 379 847 484 Ἀλκιβιάδης,
871 377 1078 478 Βόσπορος,
1104 378 1166 454 Al·

60 514 229 606 cibiades,
255 515 451 616 Bosporus,
474 515 558 590 inde
575 514 734 591 Graecos
752 512 805 588 sic
823 513 1075 616 pronuntiasse
1092 539 1166 587 non

58 648 172 748 magis
198 647 316 747 colligi
339 657 471 749 potest,
498 674 604 747 quam
630 647 661 722 si
688 647 769 746 quis
794 673 839 720 ex
859 645 988 720 italicis
1012 645 1167 722 vocabu-

60 780 104 854 lis
130 782 275 853 caoallo
306 790 343 854 et
367 781 492 854 tooola
525 779 583 854 vel
614 805 658 852 ex
690 778 814 880 gallico
845 778 936 852 livre
967 777 1166 868 concludat,

60 913 244 987 Romanos
271 912 470 998 caballum,
503 911 665 984 tabulam
696 921 733 986 et
762 909 894 983 librum
922 936 1074 986 vocasse
1105 937 1166 984 ca-

60 1046 215 1130 vallum,
246 1044 406 1118 toeolom
435 1043 493 1118 vel
521 1045 683 1116 tunulum
714 1053 752 1117 et
774 1043 914 1116 liorem.
962 1042 1044 1117 Huc
1068 1069 1167 1133 acce·

60 1175 125 1266 dit,
150 1175 248 1275 quod
272 1176 309 1249 in
334 1175 491 1276 antiquis
516 1161 808 1277 inscriptionibus
832 1173 952 1250 latinis
969 1175 1076 1263 tiait,
1093 1203 1168 1256 serf

61 1308 143 1394 bus,
170 1309 344 1396 arnovile,
375 1310 632 1394 benemeritus,
661 1307 770 1383 Jobis
794 1334 860 1408 pro
884 1302 999 1394 vixit,
1029 1335 1166 1395 servae,
1295 1359 1297 1362 >

61 1440 231 1527 evitabile,
257 1440 505 1527 benemeritus,
530 1438 639 1514 Joois
661 1438 800 1540 legitur,
824 1439 920 1515 unde
943 1439 1074 1539 liquet,
1099 1438 1167 1513 lrc-

62 1583 215 1673 quenter
239 1574 379 1673 priscos
403 1571 587 1646 Romanos
613 1572 635 1646 b
661 1582 698 1647 et
721 1599 743 1644 o
767 1581 999 1671 permutasse.
1030 1571 1168 1645 Eadem

61 1706 153 1779 ratio
178 1704 310 1781 vocalis
336 1737 361 1806 q
388 1712 453 1793 est,
480 1731 551 1802 qua
573 1703 693 1778 littera
726 1704 847 1778 Latini
879 1713 1041 1814 carentes
1074 1703 1169 1777 sicut

62 1837 196 1912 caeteri
212 1836 380 1936 Europae
396 1835 520 1937 populi
545 1836 831 1938 nescientesque,
858 1834 1038 1937 quomodo
1056 1844 1168 1909 totam

63 1971 140 2068 ejus
158 1968 232 2045 vim
256 1969 504 2069 exprimerent,
524 1970 630 2044 modo
648 1971 782 2044 rectius
799 1969 1028 2043 enuntiarunt
1050 1966 1169 2042 littera

63 2103 90 2188 i,
104 2104 197 2176 liroc
223 2111 260 2176 et
278 2103 398 2202 psitto
423 2102 584 2178 dicentes
609 2129 674 2204 pro
699 2103 808 2205 λκῆροι
833 2112 870 2177 et
892 2104 1036 2209 ψῆττα,
1060 2100 1170 2175 modo
1227 2155 1230 2158 ι

64 2233 242 2308 elemento
274 2260 294 2307 c
323 2233 474 2309 reddere
499 2245 698 2325 tentarunt,
721 2231 891 2309 Athenas
915 2244 953 2308 et
976 2232 1066 2308 echo
1092 2258 1170 2308 ver·
1237 2316 1241 2326 ⁸

63 2375 184 2442 tentes
211 2391 303 2465 quae
329 2391 455 2468 graece
481 2377 612 2442 sonant
632 2367 802 2466 Ἀθῆναι
819 2377 856 2441 et
871 2364 966 2469 ἠχώ.
1008 2362 1171 2464 Quicun-

65 2525 137 2600 que
161 2498 245 2571 hinc
269 2497 375 2597 cogit,
400 2530 426 2599 η
451 2498 669 2573 efferendum
701 2525 783 2575 esse
812 2510 855 2575 ut
884 2526 906 2573 c
941 2496 1061 2596 (quod
1092 2495 1171 2596 plu·

64 2631 145 2706 rimi
178 2628 283 2704 simul
313 2628 402 2702 locis
438 2630 650 2728 quibusdam
679 2639 842 2707 veterum
872 2654 947 2702 non
977 2627 1169 2701 intellectis

64 2763 311 2838 demonstrare
336 2735 541 2858 conantur)
575 2763 700 2836 eodem
725 2760 833 2836 modo
866 2760 1033 2837 videntur
1060 2758 1171 2833 hallu-

65 2895 192 2985 cinari,
225 2921 297 2996 quo
328 2895 391 2996 qui
423 2921 468 2969 ex
492 2894 615 2970 Italica
645 2921 734 2972 voce
759 2894 892 2968 lettera
914 2891 973 2971 rel
998 2919 1018 2967 e
1044 2892 1169 2993 gallico

62 3026 208 3103 nomine
231 3038 334 3101 verta
358 3029 533 3128 consequi
556 3039 668 3128 putat,
694 3039 735 3104 ut
758 3026 879 3102 Latini
904 3026 987 3101 olim
1009 3027 1172 3100 litterum

65 3170 105 3234 et
126 3161 294 3233 uirtutem
319 3159 529 3258 appellarint
553 3161 719 3235 letteram
750 3171 787 3235 et
816 3171 999 3234 octtutem.
1053 3155 1172 3247 Adde,

66 3290 165 3393 quod
189 3289 299 3392 prisci
329 3289 451 3366 Latini
482 3292 692 3391 quibusdam
725 3293 763 3366 in
792 3292 940 3369 vocibus
971 3318 992 3366 e
1022 3317 1171 3390 usurpa-

65 3423 153 3498 bant
177 3448 242 3523 pro
268 3425 300 3514 i,
325 3423 363 3496 in
388 3423 465 3499 aliis
492 3424 545 3499 sic
569 3427 806 3526 proferebant,
831 3435 873 3500 ut
891 3451 1011 3523 neque
1028 3421 1171 3523 aplane

64 3581 184 3655 neque
216 3557 233 3628 i
261 3554 451 3630 audiretur.
505 3557 628 3634 Testis
654 3555 919 3657 Quinctilianus
949 3555 1008 3629 lib.
1032 3552 1052 3626 Ι
1077 3578 1106 3626 c.
1132 3555 1172 3626 4:

66 3714 115 3779 „c
140 3712 285 3788 quoque
310 3688 328 3759 i
348 3689 429 3762 loco
454 3689 531 3780 suit,
559 3699 599 3763 ut
623 3688 796 3765 Menerva
821 3697 859 3761 et
882 3684 1001 3759 Leber
1032 3692 1069 3757 et
1091 3681 1172 3759 Ma-

65 3829 186 3922 gcster
211 3829 249 3893 ct
271 3819 402 3919 Dijove
427 3831 465 3896 et
488 3819 628 3920 Vejove
651 3847 717 3921 pro
742 3819 865 3920 Dijovi
882 3828 919 3893 et
936 3814 1076 3913 Vejovi.
1110 3812 1171 3888 Li·

64 3952 145 4028 vius
171 3960 208 4025 et
232 3949 412 4027 Pedianus
439 3953 525 4028 Sibe
550 3964 588 4028 et
613 3952 739 4054 Quase
764 3952 975 4027 scribebant
1012 3946 1056 4021 ln
1073 3946 1171 4021 Herc

65 4109 184 4182 neque
208 4110 229 4156 c
253 4082 368 4182 plane,
393 4110 511 4184 neque
536 4087 554 4158 i
576 4085 727 4161 auditur.
782 4084 862 4161 Nos
888 4108 982 4157 nunc
1005 4108 1027 4155 e
1051 4079 1171 4154 littera

66 4215 315 4312 terminarnus3
341 4226 379 4292 at
404 4226 566 4309 veterum
592 4216 818 4295 Comicorum
844 4215 960 4293 adlruc
991 4211 1092 4289 libris
1117 4211 1175 4297 in,
