2700 4672
132 228 158 277 Χ

131 396 246 472 Porro
270 398 378 496 p‘rout
400 403 542 494 tempus
574 397 747 495 cujusque
780 407 817 471 et
841 399 982 473 occasio
1006 399 1095 490 lert,
1119 424 1238 501 prom·

132 539 205 604 tam
238 527 344 601 etiam
377 553 442 626 par
473 537 531 600 est
561 527 741 602 scribendi
766 528 1007 630 loquendique
1032 533 1234 609 lacultatem

132 658 277 781 {acquiri
326 658 446 758 Quam
472 659 534 756 qui
558 669 683 732 nactus
710 670 782 748 est,
807 662 838 735 is
864 662 1080 762 praeclarum
1107 663 1151 737 ad
1176 693 1234 740 vo·

130 801 248 867 terum
284 789 551 890 intelligentiam
588 791 863 865 instrumentum
905 794 973 866 sibi
1008 798 1234 896 comparavit.

131 922 243 1023 Quod
268 920 375 997 nolim
401 923 454 996 sic
479 922 602 1021 accipi,
627 933 668 996 ut
693 949 816 997 omues
838 922 1055 1001 Graecorum
1080 929 1146 1001 riri
1171 927 1235 1002 do·

131 1055 180 1130 cli
205 1064 242 1129 et
267 1055 298 1130 si
324 1054 387 1153 qui
410 1053 480 1127 illis
508 1053 706 1127 eruditione
732 1081 836 1154 pares
862 1067 947 1130 sunt
971 1058 1187 1157 alienigenae
1212 1088 1232 1134 a

131 1187 259 1288 quovis
286 1212 405 1260 errore
431 1185 467 1258 in
493 1184 726 1260 dilucidandis
750 1186 974 1288 antiquorum
993 1191 1091 1262 libris
1109 1190 1233 1265 immu-

51 1345 64 1395 .“
129 1345 194 1394 nes
220 1318 482 1419 perhibeantur,
507 1316 545 1392 id
571 1318 669 1417 quod
691 1318 748 1395 rel
764 1320 945 1395 numerosi
962 1319 1231 1396 sdroliastarum

131 1477 272 1526 errores
303 1451 530 1551 redarguunt,
566 1449 632 1523 sed
669 1450 737 1524 lroc
772 1451 870 1541 dico,
906 1453 938 1525 si
975 1455 1056 1552 quis
1090 1466 1231 1553 praeter

128 1584 230 1674 hanc,
255 1582 300 1655 de
327 1610 396 1682 qua
420 1581 561 1656 locutus
588 1609 684 1672 sum,
709 1582 849 1684 linguae
881 1610 1027 1685 graecae
1059 1587 1231 1686 coguitio-

127 1743 209 1791 nem
236 1714 424 1816 perspicax
448 1714 558 1788 habet
575 1715 755 1817 ingenium
768 1742 887 1814 neque
911 1717 1111 1791 studiorum
1134 1719 1231 1792 labo·

128 1873 187 1922 res
212 1847 319 1946 sugit,
344 1845 414 1919 hoc
445 1846 626 1921 meliorem
660 1846 880 1946 antiquitatis
913 1873 1061 1945 graecae
1093 1850 1230 1923 antisti·

127 1990 199 2054 tem
226 1989 262 2053 et
285 1978 528 2053 restitutorem
553 1978 639 2080 fingi
662 2005 735 2052 non
759 2002 876 2077 posse.
913 1975 1047 2052 Verum
1067 2005 1114 2051 ne
1134 2006 1229 2053 com-

128 2109 295 2185 mendare
320 2110 443 2186 videar
465 2110 634 2212 linguam,
659 2112 762 2206 cujus
793 2120 954 2181 naturam
980 2110 1227 2212 rationemque

125 2243 283 2318 nondum
308 2243 566 2332 illustraverim,
591 2242 696 2315 liccat
719 2238 816 2328 mihi,
842 2250 1014 2337 quantum
1041 2244 1228 2342 praelatio-

125 2378 182 2453 nis
208 2377 392 2478 angustiae
417 2377 608 2476 patiuntur,
634 2371 751 2472 graeci
776 2373 951 2448 sermonis
976 2372 1160 2449 historiam
1181 2377 1226 2449 ab

127 2536 170 2583 eo
198 2521 367 2610 tempore,
385 2531 466 2606 -quo
492 2503 670 2605 corrumpi
695 2502 830 2603 coepit,
857 2531 972 2605 usque
998 2505 1042 2577 ad
1066 2517 1227 2581 nostram

125 2652 277 2716 aetatem
311 2640 477 2717 breviter.
502 2644 691 2709 contexere
730 2661 770 2709 ea
805 2647 934 2726 mente,
971 2647 1012 2711 ut
1049 2664 1140 2737 quae
1177 2639 1227 2714 sit

123 2774 223 2875 origo
248 2772 388 2871 linguae
413 2792 559 2870 graecae
582 2767 737 2865 vulgaris
763 2778 885 2866 aperte
903 2766 1087 2852 declarem.

245 2903 442 3002 Postquam
449 2897 578 2972 Graeci
592 2899 722 2971 amissa
733 2896 896 2973 libertate
909 2899 976 2973 sub
984 2897 1224 2976 Macedonum

121 3036 309 3139 imperium
319 3030 452 3109 redacti
464 3040 558 3119 sunt,
569 3029 698 3103 accidit
709 3031 777 3104 sub
788 3029 882 3104 idem
895 3041 1049 3131 tempus,
1062 3043 1103 3107 ut
1113 3033 1224 3108 victo-

122 3171 173 3247 ris
198 3165 321 3270 populi
344 3160 504 3264 potentia
530 3171 568 3235 et
593 3161 698 3237 armis
722 3188 869 3264 graecus
895 3189 1012 3238 sermo
1044 3164 1089 3237 ad
1113 3165 1223 3238 Asiae

121 3301 258 3375 incolas
283 3297 388 3369 etiarn
413 3304 487 3368 tum
520 3294 716 3370 litterarum
742 3322 946 3397 graecarum
976 3295 1081 3394 plane
1112 3294 1222 3371 rudes

77 3448 82 3453 '
121 3429 335 3533 perveniret.
395 3420 502 3525 Quae
525 3454 585 3502 res
610 3427 694 3502 licet
718 3428 946 3503 saluberrima
970 3426 1077 3501 luerit
1100 3425 1146 3498 ad
1170 3426 1223 3499 in·

121 3561 235 3638 cultas
258 3557 407 3632 maxima
432 3584 475 3631 ex
503 3569 601 3658 parte
626 3561 789 3634 nationes
807 3585 850 3632 eo
866 3557 997 3658 ingenii
1017 3557 1124 3645 cultu,
1148 3584 1222 3656 quo

120 3692 250 3769 Graeci
273 3690 407 3765 dudum
430 3689 637 3782 floruerant,
662 3689 928 3792 impertiendas,
953 3699 1072 3763 tamen
1103 3689 1218 3788 ipsius

120 3825 338 3931 Graecorum
370 3825 545 3900 sermonis
578 3824 733 3900 castitati
770 3832 808 3896 et
842 3819 1036 3918 integritati
1070 3821 1218 3896 multum

120 3955 243 4031 obluit.
269 3954 437 4073 αἳᾖὶἱιειιίιυ
462 3954 712 4039 Macedonum,
738 3950 1007 4050 Aegyptiorum,
1038 3952 1234 4050 Syrorum,

119 4064 327 4179 Persarunl,
363 4086 534 4163 Indorum
566 4085 786 4183 aliorumque
819 4083 1047 4157 barbarorum
1082 4083 1120 4155 in
1157 4110 1220 4158 ore

118 4219 207 4296 haec
238 4221 359 4323 lingua
391 4218 582 4318 depravata
614 4224 651 4290 et
681 4213 868 4315 multiplici
901 4214 1126 4289 barbararum
1158 4241 1221 4290 vo·
