2700 4672
102 400 248 463 Primum
271 400 385 480 tonuit,
409 409 502 482 atque
525 397 613 462 illico
637 397 759 463 coelum
781 413 896 485 movet,

100 530 229 594 Deinde
250 543 283 595 et
305 531 426 595 fulmen
448 542 568 594 terram
590 533 777 595 tremefacit„

100 659 168 725 Sed
190 683 231 726 ne
255 663 304 726 sic
326 662 452 745 quidem
474 662 665 726 destiterunt
686 682 793 727 mures
815 685 836 729 a
857 664 1002 748 victoria,

100 795 156 857 scd
178 794 297 880 potius,
320 805 357 858 ut
379 793 553 880 dispellunt
575 814 649 857 oves
667 793 747 880 lupi,

98 927 148 988 sic
170 927 234 1011 ipsi
256 925 491 1012 dissipaverunt
513 923 681 989 bellicosas
703 944 812 989 ranas.

100 1055 225 1119 Multae
248 1055 431 1119 ceciderunt
446 1055 488 1146 in
509 1074 635 1137 aquam,
657 1067 691 1120 ot
712 1075 747 1120 sa
768 1056 805 1119 in
827 1056 930 1120 fossas
951 1058 1109 1126 abdidere.

99 1187 220 1250 Omnes
242 1186 310 1251 lere
330 1185 406 1251 illas
422 1187 640 1271 jugulassem,
662 1186 728 1250 nisi
750 1207 862 1251 rursus
883 1187 1029 1275 Iuppiter

99 1339 190 1404 opem
211 1318 292 1405 ipsis
313 1318 455 1382 misisset
475 1329 508 1382 et
529 1319 707 1384 subsidium
728 1337 855 1382 novum.

98 1449 206 1512 Genus
221 1449 379 1532 quoddam
393 1460 524 1536 repente
538 1449 696 1530 submisit,
707 1469 826 1534 magno
839 1469 910 1513 cum
920 1450 1200 1542 fastu(incedens>
1259 1465 1263 1471 “

96 1578 201 1644 Retro
223 1582 260 1644 in
282 1579 424 1645 humeris
446 1581 514 1644 suis
536 1577 699 1644 habebant
721 1591 826 1667 caput.

95 1711 265 1776 Habebunt
287 1711 396 1777 oeulos
417 1731 493 1774 suos
516 1711 551 1791 in
572 1712 764 1798 pectoribus,
788 1711 900 1793 quibus
922 1715 1105 1799 cernebant,

98 1854 229 1906 octonos
250 1843 347 1929 pedes
370 1841 541 1924 habebant,
564 1842 690 1924 oblique
711 1842 910 1906 incedebant

96 1973 200 2039 Erant
221 1986 253 2037 et
275 1973 431 2038 forficulis
453 1976 489 2038 in
512 1994 567 2039 ore
589 1974 749 2055 instructi,
771 1974 852 2039 dura
874 1993 1009 2061 corpora
1028 1973 1199 2064 habebant,

96 2125 191 2188 quum
213 2106 274 2168 toti
296 2117 404 2169 essent
426 2105 521 2184 ossei,
545 2124 582 2169 ac
604 2106 736 2168 minime
759 2125 872 2169 carues
895 2104 1059 2172 haberent.

95 2235 265 2300 Habebant
286 2236 416 2300 dorsum
438 2237 611 2319 rotundum
632 2236 835 2322 splendentes
856 2237 893 2300 in
915 2235 1067 2303 humeris.

96 2366 230 2450 Ungues
242 2331 407 2450 ‘gerebant
429 2378 550 2446 acutos,
573 2368 657 2430 sicut
679 2377 796 2449 gerunt
817 2366 906 2431 lelcs.

94 2497 200 2562 Erant
220 2510 253 2562 et
274 2498 432 2584 bicipites,
455 2499 587 2561 aesino
609 2498 756 2561 manibus
778 2508 883 2576 erant,

98 2651 155 2694 ora
177 2629 309 2693 illorum
330 2628 528 2707 scindebant,
551 2628 635 2692 sicut
654 2627 806 2694 scindunt
827 2627 938 2711 gladii.

94 2760 229 2825 Humeri
250 2781 361 2824 eorum
382 2759 602 2847 splendebant,
627 2770 780 2842 tanquam
802 2760 925 2841 ferrati,

96 2892 220 2956 eminus
242 2894 450 2980 apparebant,
474 2891 565 2974 qnasi
586 2901 695 2954 essent
717 2891 844 2955 armati.

45 2991 49 2997 ι
94 3021 190 3086 Hunc
211 3023 252 3085 ad
274 3022 402 3087 modum
423 3022 619 3086 monstruosi
641 3032 858 3108 apparuerunt
880 3021 941 3103 illi,
1007 3023 1010 3033 ⁴

97 3153 152 3234 qui
173 3154 381 3216 nominantur
403 3165 436 3216 et
457 3154 606 3217 dicuntur
627 3154 746 3217 cancri.

95 3254 301 3347 Muribushi
323 3294 492 3369 amputant
513 3282 630 3347 caudas
652 3295 685 3347 et
705 3251 813 3371 pedes,

96 3415 304 3502 amputabant
325 3426 358 3478 ct
380 3435 494 3478 manus
516 3435 636 3496 eorum,
658 3416 742 3480 undo
764 3416 954 3481 excidebant
975 3412 1101 3480 bastae.

94 3545 218 3609 Motum
239 3567 392 3630 magnum
414 3567 588 3633 concepero
611 3568 727 3628 mures,
750 3559 782 3610 et
803 3549 963 3629 sugerunt,

96 3679 234 3765 amplius
256 3697 323 3740 non
344 3680 527 3756 manebant,
548 3677 605 3740 sed
628 3678 776 3763 dissipati
797 3677 935 3740 abibant.

95 3810 187 3872 Tunc
209 3810 306 3872 etiam
328 3806 390 3872 Sol
413 3808 530 3872 occidit
550 3818 584 3872 et
605 3809 732 3872 abditus
754 3818 814 3886 est,

95 3953 189 4021 atque
215 3960 280 4002 uno
302 3940 354 4002 die
375 3939 493 4004 bellum
515 3940 611 4005 desiit
632 3951 665 4003 et
681 3934 856 4004 ¹diremtum
879 3946 936 4000 est.
