2700 4672
1168 187 1237 261 129

130 368 234 450 qualis
256 366 312 432 hio
333 380 384 433 est
405 361 552 450 ἕσμίξασι
573 389 633 456 pro
658 357 802 452 ἐ’σμιξαν,
819 367 945 436 loeutus
960 391 1032 441 sum
1047 378 1088 440 ad
1105 399 1185 444 vers.
1200 380 1232 446 9.

127 491 363 577 Accipiendum
395 503 446 557 est
478 484 627 572 lenigare
664 468 871 557 iutransitivo
904 497 1100 580 significatu.
1146 502 1233 567 Nam

127 615 312 696 frequenter
332 607 439 697 σμίγω
461 635 514 679 me
536 595 657 680 misceo
685 616 768 680 verti
795 626 911 702 potest.
957 619 1081 696 Quodsi
1103 623 1232 690 initium

125 737 242 823 proelii
257 741 328 820 J‘am
350 739 469 802 laetum
491 749 591 817 esset,
619 750 776 803 verterem
800 728 948 817 ἒσμῖξασι
969 762 1090 807 monus
1118 755 1230 811 conse-

124 867 274 923 ruerunt.
311 860 360 923 At
382 861 523 923 nondum
546 872 702 946 pugnant,
725 859 758 922 id
782 861 864 941 quod
887 868 1151 945 exsequentibus
1173 889 1230 954 pa.

123 993 179 1046 tet.
222 983 326 1047 Porro
355 979 417 1046 hoe
445 984 541 1047 verbo
568 979 798 1070 paraphrastes
825 994 937 1046 noster
963 984 1069 1050 reddit
1090 1008 1170 1070 quae
1192 991 1229 1054 in

123 1103 299 1192 archetypo
322 1124 403 1169 vers.
428 1102 492 1170 191
518 1104 724 1169 siosonant:
751 1091 813 1164 εἰσὶ
833 1093 899 1186 γὰρ
925 1097 1129 1189 ἀγχέμαχοι,
1151 1119 1230 1174 stent
1285 1136 1288 1137 ⁷

123 1223 211 1290 euim
232 1223 382 1324 continno
400 1221 606 1315 pugnantes,
630 1227 712 1309 quod
729 1226 856 1309 quidem
871 1227 1048 1316 improprie
1070 1230 1108 1294 do
1124 1232 1165 1295 iis
1182 1233 1229 1297 di·

123 1361 208 1413 etum
230 1351 333 1413 videri
354 1350 469 1436 possit,
492 1350 548 1431 qui
568 1349 711 1412 nondum
733 1360 897 1435 pugnaut3
918 1351 976 1414 sed
998 1357 1150 1433 quoniam
1170 1345 1229 1435 ‹isy-

121 1465 270 1552 χέμαχος
291 1472 482 1557 adJeotivum
503 1482 563 1550 est,
586 1491 659 1533 eum
682 1470 806 1534 indicat
833 1472 888 1553 qui
916 1473 1061 1538 eominus
1081 1494 1229 1561 pugnare

124 1595 217 1674 solet,
240 1597 270 1658 sl
291 1606 423 1681 pugnat.
475 1596 581 1670 Quum
602 1594 704 1677 igitur
725 1604 859 1675 utraque
880 1581 968 1658 aoies
989 1594 1131 1660 nondum
1153 1617 1228 1663 oon-

122 1717 254 1796 dixerit,
277 1716 352 1797 quid
374 1725 476 1779 restat
497 1715 596 1795 aliud,
619 1735 713 1797 quam
728 1726 764 1779 ut
780 1705 929 1795 ε’σμίξασι
943 1728 1117 1781 vertamus:
1134 1714 1228 1784 ecies

121 1835 304 1901 admodum
325 1834 415 1901 inter
435 1834 708 1925 repropinquare
728 1845 824 1914 suom
849 1835 926 1904 lieet
947 1838 1151 1905 manifestum
1171 1841 1226 1922 sit,

122 1961 247 2024 Zenum
274 1958 423 2026 hicnon
450 1963 531 2025 satis
562 1973 637 2049 apte
654 1958 806 2024 ‘locutum
832 1980 913 2024 esse.
945 1995 990 2009 —
1023 1955 1223 2043 λαβωὲοῧμὲ

120 2084 297 2168 vulgariter
317 2105 376 2170 pro
398 2081 598 2164 λαβωῇῶμεν
621 2082 740 2170 lpers.
763 2081 807 2168 pl.
831 2102 898 2147 aor.
922 2086 1005 2168 conj.
1027 2104 1113 2171 pass.
1136 2086 1226 2152 verbi

120 2207 236 2272 novitii
258 2193 384 2284 λαβόνω
406 2207 657 2292 transpositione
678 2203 838 2268 vocalium
866 2215 899 2268 et
924 2205 1102 2270 insertione
1129 2202 1186 2267 rori
1205 2229 1226 2267 ν

121 2350 163 2393 ex
190 2330 394 2410 antiquorum
420 2316 551 2415 λῳβάω,
580 2330 670 2409 ouJ'us
698 2325 769 2388 loeo
791 2314 957 2406 λωβάομαι
978 2327 1130 2391 usitatius
1153 2328 1225 2411 suit,

120 2453 260 2516 formati.
305 2450 346 2515 In
374 2450 525 2514 citeriore
554 2449 752 2512 Graecorum
778 2446 892 2532 lingua
919 2437 1047 2528 λαβόνω
1074 2449 1225 2532 designat

119 2572 249 2652 saucio,
271 2571 420 2639 vulnero.
1203 2549 1208 2554 ¹

250 2696 294 2762 V.
316 2695 391 2761 332.
436 2692 529 2756 πᾶσα
556 2683 632 2763 ἕνας
652 2692 738 2756 idem
765 2690 849 2774 quod
876 2688 968 2752 πᾶσα
1000 2677 1058 2770 εἷς,
1093 2691 1132 2754 da
1161 2711 1222 2775 quo

118 2821 173 2904 egi
195 2821 236 2883 ad
258 2840 339 2883 vers.
366 2817 439 2884 197.
462 2852 505 2870 ·-
527 2806 637 2899 χαρὰν
657 2801 789 2898 payo'dn’
813 2801 858 2875 vol
876 2805 931 2899 ’κῃ
952 2813 975 2879 i.
990 2836 1018 2881 a.
1040 2802 1149 2894 χαρὰν
1169 2833 1223 2894 με.

118 2931 223 3024 γᾶλην
243 2935 286 3002 vol
308 2929 379 3024 ἔχῃ.
571 2948 573 2951 ’

250 3063 293 3127 V.
314 3063 390 3130 333.
435 3056 585 3124 dotano
617 3059 714 3126 metri
749 3080 849 3126 eausa
875 3077 935 3146 pro
964 3043 1114 3119 d'mvoon
1140 3058 1163 3121 i.
1193 3079 1221 3121 e.

117 3171 271 3259 ἤκουσαν.

251 3305 294 3370 V.
317 3304 391 3371 331.
436 3295 558 3388 adpone
584 3304 606 3368 i.
630 3325 656 3368 e.
679 3301 788 3386 πῆγαν
808 3301 859 3368 vel
881 3297 1003 3399 laipno
1030 3299 1051 3366 3
1074 3321 1156 3389 pers.
1179 3302 1221 3388 pl.

119 3450 187 3495 aor.
218 3431 283 3493 ind·
314 3431 401 3494 verbi
428 3421 572 3511 πηγαίνω
600 3448 642 3492 ex
669 3420 829 3509 ἐπιβαίυω,
852 3425 903 3491 vel
925 3426 1008 3508 quod
1031 3424 1116 3488 idem
1138 3423 1223 3509 apud

118 3553 313 3618 recentiores
334 3565 395 3634 est,
417 3539 520 3635 πάγω,
543 3572 586 3616 ex
607 3552 739 3632 antiquo
760 3537 876 3628 ὑπάγω
897 3532 1080 3609 natu-ol
1094 3563 1145 3623 eo,
1160 3562 1222 3624 quo

119 3674 175 3739 hio
196 3676 337 3761 ponitur,
359 3694 458 3757 sensu
475 3677 546 3756 jam
567 3673 704 3755 legimus
726 3667 861 3749 Dialogi
881 3686 962 3729 vers.
984 3663 1014 3728 9.
1035 3696 1080 3710 -
1102 3658 1223 3742 ἓωροῧ-
1245 3702 1247 3707 -

119 3816 186 3857 σαν
205 3797 381 3882 vulgariter
402 3816 462 3884 pro
485 3792 672 3874 &rapodone
692 3789 753 3872 (ol.
776 3808 856 3852 vers.
878 3783 952 3869 25),
975 3784 1107 3868 antique
1129 3775 1223 3854 trad

120 3941 198 4001 ρουν
223 3917 244 3984 3
267 3941 352 4005 pers.
381 3919 425 4007 pl.
453 3921 535 4005 Imp.
562 3915 629 3982 ind.
658 3925 717 3980 aet
744 3912 834 3977 verbi
860 3906 966 3992 βωρό.
1006 3906 1059 3978 De
1080 3903 1143 3973 hoo
1164 3905 1223 3974 im-

120 4044 338 4130 perfectorum
360 4041 445 4106 flexu
468 4043 507 4105 oi.
530 4043 695 4105 observata
718 4038 760 4102 ad
782 4056 862 4099 vers.
884 4029 960 4098 210.

253 4163 295 4230 V.
318 4163 393 4232 335.
439 4153 618 4225 toarnleov
639 4161 734 4226 metri
757 4176 855 4231 aalma
874 4173 936 4244 pro
958 4139 1142 4213 totmanno.

972 4274 994 4341 9
