2700 4672
1181 195 1280 294 m

118 442 147 482 v.
165 442 191 482 o.
215 411 372 499 λουρίκιον
393 435 451 502 pro
467 408 621 496 λωρίκιου,
644 434 704 496 quo
727 417 798 501 ipso
820 416 975 481 vocabulo
1000 430 1111 482 noster
1125 420 1227 505 iupa.

119 541 269 628 raphrasi
293 537 377 626 epici
400 541 551 602 carminis
575 538 684 600 utitur.
731 535 771 600 Si
794 539 865 619 quis
888 540 954 604 alia
977 540 1123 627 exempla
1147 542 1227 604 desi-

118 667 220 736 derat¹
234 664 322 747 legat
339 683 419 744 quae
432 661 553 724 Coracs
567 659 628 723 lrac
642 661 680 722 de
693 679 728 722 re
747 663 896 747 exposuit
919 664 954 726 in
973 663 1079 726 Bastii
1095 664 1227 727 adnota-

119 788 209 850 tione
237 787 276 849 ad
300 783 471 849 Schaeleri
494 783 668 846 editionem
693 782 843 866 Gregorii
867 783 1032 848 Corinthii
1053 807 1127 872 pag.
1151 784 1227 850 363.

251 906 293 967 V.
318 904 348 968 2.
375 895 432 964 ἕνα
454 905 597 988 vulgaris
621 906 723 968 forma
750 918 800 968 est
828 927 886 991 pro
917 896 959 964 ἕν.
1012 909 1140 992 Quippe
1161 909 1228 972 vul·

119 1051 180 1114 gns
203 1050 261 1115 pro
284 1016 337 1106 εἷς,
360 1021 430 1107 μία,
453 1014 487 1085 ἓν
509 1028 688 1109 frequentat
711 1016 794 1104 dana,
815 1020 888 1107 μία,
912 1017 979 1104 ἕνα,
1003 1026 1229 1093 inhoctamcn

120 1163 302 1217 arctorum
325 1171 385 1214 usu
408 1151 577 1228 recedens,
601 1149 684 1231 quod
707 1148 791 1213 liano
812 1149 1011 1215 locutionem
1033 1170 1100 1214 non
1125 1151 1229 1214 solum

120 1294 239 1338 nornen
270 1272 450 1352 numerale,
478 1271 656 1337 sedetiam
684 1274 881 1336 novitiarum
910 1273 1096 1356 linguarum
1124 1275 1228 1338 imita-

122 1400 212 1460 tione
233 1395 403 1460 articulum
427 1393 630 1458 indefinitum
652 1415 672 1458 a
696 1393 985 1481 Ptooboprodromi
1002 1398 1068 1458 lere
1086 1407 1229 1482 ternpore

122 1541 192 1583 osse
215 1519 322 1592 voluit.
368 1517 428 1580 Est
449 1517 550 1600 igitur
574 1504 632 1575 ἕνα
653 1507 776 1595 βιβλίον
798 1536 865 1580 non
888 1528 1013 1580 tantum
1033 1537 1117 1580 unies
1132 1515 1228 1598 liber,

123 1643 180 1706 sed
208 1643 306 1704 etiam
334 1615 581 1724 liberqoidem
604 1630 728 1717 βιβλίον
749 1660 776 1696 τι
799 1650 896 1721 atque
919 1640 1050 1703 omnino
1071 1636 1168 1715 liber,
1193 1654 1229 1704 ut

123 1767 160 1828 in
182 1765 357 1827 recentium
379 1761 568 1848 populorum
592 1760 714 1845 linguis
736 1782 780 1823 un
796 1758 893 1837 livre,
910 1760 964 1826 ein
979 1757 1087 1826 Boea.
1117 1758 1231 1827 Prima
1260 1837 1264 1844 ,

123 1886 219 1971 hujus
252 1907 328 1951 usus
367 1885 503 1969 vestigia
541 1885 626 1970 apud
660 1883 865 1948 Theodorum
898 1884 1232 1971 Ptochoprodromum

126 2021 201 2073 sunt
223 2011 303 2088 βιβλ,
327 2009 359 2083 οῖ,
383 2026 454 2080 ςιχ.
481 2003 554 2070 125.
579 2007 677 2067 σελιδ.
700 2007 729 2070 5.
754 2008 802 2072 ed.
828 2008 901 2072 Cor.
948 2005 1082 2072 Similes
1098 2029 1139 2071 ex
1155 2009 1231 2072 aliis

125 2132 334 2217 scriptoribus
362 2129 450 2192 locos
479 2128 631 2212 allegavit
658 2128 845 2213 Ducangius
876 2131 972 2214 gloss.
1001 2132 1080 2197 med.
1110 2142 1142 2195 et
1171 2132 1228 2195 inl.

126 2275 174 2338 gr.
199 2254 237 2317 Τ.
260 2253 285 2316 l.
309 2272 382 2337 pag.
407 2249 481 2315 384.
505 2270 589 2332 seqq.

259 2360 395 2453 εὔμορφο
422 2391 481 2458 pro
509 2357 682 2451 εὔμορφον,
711 2385 746 2437 ut
774 2394 816 2436 ex
845 2375 903 2453 iis,
933 2393 1015 2455 quae
1042 2374 1232 2439 adversum

126 2498 370 2587 praecedentem
393 2495 584 2574 notavimus,
609 2495 757 2558 efficitur.

260 2612 288 2680 κ’
324 2612 386 2686 ἰὸές
415 2634 448 2676 ro
478 2618 499 2679 i.
523 2639 550 2679 e.
578 2608 633 2674 καὶ
657 2608 703 2676 idi:
726 2608 813 2677 αὐτό.
864 2615 1037 2698 Reliquiae
1065 2620 1232 2683 verborum

97 2768 99 2779 ·
128 2745 164 2807 in
185 2766 221 2823 μι
250 2743 464 2805 desinentium
492 2751 612 2824 paucae
642 2740 809 2803 admodum
839 2742 874 2802 in
903 2741 1083 2803 recentiore
1110 2742 1232 2822 graeci-

129 2876 195 2930 tate
217 2876 400 2943 servantur3
423 2883 485 2944 quo
508 2863 611 2945 magis
634 2863 816 2926 mirandum
830 2874 888 2942 est,
912 2862 957 2926 ibi
974 2864 1160 2944 quandoque
1176 2861 1233 2925 bu·

125 2993 181 3073 jus
203 2989 369 3051 verborum
393 2984 573 3048 declinatus
595 3005 765 3070 superesse
787 2986 934 3068 vestigia,
957 2987 1011 3050 ubi
1032 2986 1095 3073 ipsi
1110 2999 1232 3051 veteres

130 3113 171 3174 ab
200 3131 238 3172 eo
260 3127 391 3194 prorsus
421 3127 455 3170 se
483 3107 676 3170 abstinuisse
704 3109 859 3171 videntur.
912 3107 1017 3173 Nemo
1041 3118 1126 3173 certe
1149 3109 1232 3174 anti-

130 3249 275 3313 quorum,
299 3228 380 3310 quod
403 3247 463 3290 nos
486 3227 611 3308 quidem
633 3229 782 3308 sciamus,
805 3222 867 3300 idle
882 3251 940 3316 pro
958 3221 1005 3290 iat
1028 3232 1120 3311 dixit,
1137 3251 1232 3295 nemo

131 3345 211 3422 εέπὲς
233 3372 291 3438 pro
315 3341 388 3426 εἰπὲ,
411 3349 494 3431 quod
517 3367 610 3414 versu
632 3351 880 3436 tertiolegitur.
933 3353 1125 3437 Caeteroqui
1151 3354 1233 3418 illud

130 3499 174 3553 ro,
197 3475 279 3558 quod
301 3475 491 3560 imperativo
514 3471 568 3537 bio
583 3475 793 3558 ,subJ'ungitur
822 3496 880 3560 per
908 3474 1100 3561 aphaeresin
1130 3489 1234 3539 ortum

131 3610 179 3663 est
202 3620 243 3662 ex
265 3586 350 3656 αὐτό.
397 3599 502 3673 Quum
525 3595 605 3660 haec
628 3594 823 3680 aphaeresis,
847 3617 927 3678 quac
949 3616 1015 3660 non
1037 3599 1103 3660 nisi
1124 3598 1160 3659 in
1184 3617 1234 3660 ca-

131 3723 219 3786 sibus
242 3720 379 3801 obliquis
401 3720 486 3800 sing.
510 3728 542 3778 et
564 3716 645 3802 plur.
669 3717 789 3779 usitata
811 3729 876 3796 est,
900 3718 1090 3798 admittitur,
1113 3717 1234 3800 reliqua

132 3842 258 3923 syllaba
280 3841 492 3905 inclinatione
515 3859 704 3926 praegresso
727 3839 880 3904 vocabulo
905 3841 1096 3904 adnectitur.

265 3947 307 4019 do
331 3954 436 4040 ὁρίσῃς
452 3959 481 4024 si
498 3959 607 4046 judeo,
630 3959 660 4025 si
682 3959 831 4046 imperas
854 3964 875 4026 i.
893 3984 919 4025 e.
944 3961 1005 4026 hoc
1027 3962 1099 4026 loco
1121 3959 1151 4024 si
1173 3958 1233 4028 vis.

134 4084 184 4149 Cl.
208 4081 367 4170 Paraplrr.
391 4103 469 4146 vers.
496 4080 570 4146 431.
605 4083 795 4167 Hujusmodi
817 4086 932 4164 locum,
957 4087 1011 4168 qui
1031 4087 1238 4167 antiquorum

134 4209 217 4271 usui
234 4217 409 4293 repugnat,
440 4210 510 4288 J‘am
544 4227 585 4269 ex
619 4205 743 4270 Codino
772 4209 812 4272 de
846 4209 939 4274 Ollio.
969 4210 1075 4274 Pelet
1108 4229 1176 4294 cap.
1205 4207 1235 4269 7.
