2700 4672
1179 231 1274 301 55.

124 410 183 474 νέα
205 411 247 485 εἰς
269 437 375 490 aaron,
403 405 587 489 παιδάκιον,
615 406 794 494 menniscon,
820 408 985 495 βῳδάκιον.
1037 423 1121 486 Adde
1149 444 1224 487 cun.
1339 472 1346 483 x

124 540 194 602 dem
216 537 368 619 Προδρομ.
390 531 540 612 ‘Eliorum
563 540 698 615 βιβλιοβ.
722 542 786 598 est.
808 537 881 604 317.
904 553 936 605 et
961 535 1080 603 Ἀνακτ.
1102 564 1168 624 rope.
1191 537 1219 608 α’

122 665 186 725 oei.
211 658 261 725 lt.
306 662 410 724 Porro
433 661 607 723 notandum
631 673 695 741 est,
718 662 863 726 ultimam
891 665 1159 733 deminutivorum
1185 671 1222 734 in

122 806 170 843 too
203 783 417 875 desinentium
449 782 607 864 syllabam
640 805 661 847 a
691 784 785 870 plebe
819 804 936 868 graeca
971 807 1057 851 nunc
1095 792 1220 872 quidem

121 908 238 986 omitti,
260 906 307 970 ita
322 916 364 969 ut
386 889 572 986 παλληωὶρι,
593 898 691 986 ψωμί,
713 895 790 985 βῷδι
811 907 951 987 dicatur,
980 910 1036 972 sed
1063 914 1220 994 antiquio-

123 1050 174 1092 res
197 1028 337 1091 Graecos
358 1016 563 1108 παλληκάριν,
584 1001 702 1108 popolo,
725 1018 821 1107 βῷδιυ
842 1029 980 1111 dixisse,
1009 1035 1099 1114 cujus
1125 1053 1220 1114 gene.

120 1152 167 1215 ris
188 1150 328 1237 plurima
354 1149 501 1236 exempla
523 1149 710 1215 Theodorus
733 1150 1048 1237 Ptochoprodromus
1074 1155 1221 1239 suppedi-

83 1306 85 1309 ’
120 1285 175 1337 tat.
229 1273 342 1354 Neque
370 1293 445 1336 vero
479 1271 574 1336 haec·
592 1274 755 1357 posterior
787 1275 890 1337 forma
917 1278 988 1356 J'am
1020 1295 1153 1360 prorsus
1178 1279 1220 1340 in

122 1396 259 1459 Graecia
281 1394 455 1474 intercidit,
478 1372 636 1476 siquidcni
663 1394 776 1480 Cyprii
802 1407 835 1458 et
857 1396 989 1460 Pontici
1014 1397 1112 1462 etiam
1133 1418 1220 1462 nunc

120 1520 167 1582 sie
190 1517 373 1600 loquuntur.
420 1517 524 1594 Quill
546 1517 630 1598 qnod
651 1516 747 1600 hujus
769 1517 940 1600 analogiae
956 1521 1027 1600 Jam
1049 1520 1085 1582 in
1107 1521 1220 1583 inscri-

118 1641 283 1728 ptionibus
309 1620 442 1703 secundi
468 1638 519 1702 rel
547 1641 637 1704 tertii
664 1650 739 1726 post
761 1637 838 1702 Clrr.
860 1658 891 1701 n.
920 1640 1040 1704 saeculi
1067 1643 1221 1721 quaedam
1246 1694 1257 1703 a.

119 1758 267 1848 exempla
294 1773 378 1825 sunt.
428 1761 514 1824 Nam
544 1763 628 1847 apud
659 1760 800 1825 Boeclrlr.
836 1761 931 1847 Corp.
962 1762 1065 1826 lusor.
1098 1779 1173 1826 tom.
1195 1765 1219 1825 l.

119 1897 200 1973 part.
232 1884 279 1950 11.
308 1903 393 1946 num.
426 1880 500 1948 506.
527 1895 560 1947 et
594 1882 668 1948 704.
703 1885 852 1968 leguntur
885 1874 1019 1948 nomina
1050 1884 1221 1948 mulierum

119 2009 250 2095 propria
269 1999 450 2086 Ἐλευβέριυ
471 2018 505 2070 ct
528 1998 696 2086 Φιλημάτιν
717 2009 738 2069 i.
760 2029 786 2070 c·
806 2000 1005 2087 'Eisone-'gam
1032 2019 1065 2071 ct
1087 1998 1221 2088 Φιλημάι

117 2149 190 2191 riou.
237 2130 332 2207 Quod
353 2128 510 2209 reliquum
532 2141 583 2193 est
603 2121 815 2210 παλληκάριου
832 2134 901 2213 jam
924 2131 1009 2215 apud
1031 2132 1129 2194 medii
1150 2122 1221 2194 acri
1328 2163 1334 2168 ·

118 2255 290 2339 scriptores
325 2250 458 2334 legitnr3
488 2254 525 2316 cl.
553 2251 699 2335 Ducang.
735 2251 877 2315 Glossar.
911 2253 991 2314 med.
1025 2265 1057 2316 et
1091 2255 1147 2316 inl.
1174 2273 1220 2336 gr.

121 2377 211 2440 Tom.
235 2374 261 2438 Ι.
284 2393 357 2459 pag.
381 2370 475 2436 1085.

250 2495 291 2558 V.
310 2497 343 2561 -7.
390 2485 482 2565 ὅλους
503 2513 617 2559 ornnes
646 2492 708 2557 hoe
728 2511 825 2556 sensu
841 2497 912 2575 jam
934 2491 1149 2578 Sophocleum
1172 2508 1221 2559 est

120 2623 155 2686 in
178 2619 281 2704 Ajace
303 2638 383 2698 vers.
407 2614 512 2695 1084,
535 2619 590 2679 ubi
612 2617 683 2681 vide
705 2615 884 2681 Hermanni
907 2616 1156 2679 adnotationem.
1179 2650 1220 2667 -

120 2733 252 2816 vti’xere
274 2762 332 2829 pro
354 2725 492 2813 enixam
505 2740 525 2802 i.
538 2725 729 2813 ανὰὲχητε.
751 2771 795 2784 -
817 2727 871 2811 risu
892 2726 986 2818 ὑγειά
1007 2757 1069 2808 σας
1090 2758 1147 2824 per
1169 2759 1220 2818 sy-

792 2823 801 2843 2

120 2866 243 2929 nizesin
265 2876 297 2928 et
319 2882 483 2950 apocopen
505 2882 565 2949 pro
587 2850 642 2936 rio
661 2852 776 2943 ὑγείαν
797 2878 866 2928 σας.
910 2826 971 2922 lnl
975 2859 1025 2923 his
1041 2862 1144 2923 verbis
1160 2879 1222 2928 σας

121 2989 250 3074 proprie
278 2987 475 3050 accusativus
504 2984 641 3068 pluralis
669 2994 719 3048 est
746 2984 949 3069 pronominis
971 2982 1152 3068 personalis
1173 3003 1221 3044 sc·

123 3109 245 3172 cunilae
266 3127 424 3194 personae
446 3126 505 3192 pro
530 3107 663 3187 antiquo
686 3100 780 3185 ὑμᾶς.
826 3105 949 3182 Verum
978 3107 1082 3170 forma
1109 3103 1167 3168 illa
1189 3114 1222 3166 ct

122 3230 336 3315 possessivum
359 3228 455 3293 habet
476 3247 614 3290 sensum.

254 3350 295 3413 V.
318 3350 347 3415 8.
391 3340 479 3410 καλὰ
499 3370 559 3434 pro
581 3347 693 3419 καλῶς·
729 3349 776 3415 Cf.
800 3342 879 3414 vair.
904 3351 1033 3434 dialogi.
1051 3340 1222 3408 -v’oiuor‘-

122 3480 187 3552 ξετέ
214 3468 235 3534 r’
261 3464 357 3533 alred
377 3493 439 3542 σας
454 3475 550 3537 metri
568 3493 664 3537 eausa
681 3493 737 3559 pro
759 3463 803 3530 ool
824 3465 960 3549 ἀνοίξετε
982 3463 1022 3530 roi
1043 3461 1138 3528 αὖτία
1153 3487 1214 3535 σας

123 3597 310 3680 Originatio
322 3560 474 3659 nominis
496 3587 615 3670 αὐτίον,
638 3588 673 3656 in
696 3613 758 3674 qua
779 3593 970 3677 explicanda
986 3591 1067 3685 mira
1081 3589 1123 3650 ad
1138 3587 1223 3650 huno

125 3720 231 3782 locum
254 3715 552 3800 lalliturllgenius.
566 3713 656 3777 nulla
677 3712 865 3776 difficultate
883 3714 950 3799 imp
1016 3792 1021 3807 x
1052 3721 1108 3773 est.
1131 3711 1223 3771 Post-

126 3861 220 3921 quam
248 3853 370 3904 veteres
398 3829 488 3898 eirico
511 3837 742 3901 ‘deminutivum
769 3838 808 3900 alr
838 3820 909 3910 οὖς,
937 3810 1018 3902 uiro}
1034 3833 1223 3909 formarunt,

71 3984 75 3988 ·
127 3964 304 4025 minatione
328 3963 463 4040 quadam
486 3963 565 4047 ipsis
588 3962 688 4024 ctiam
710 3959 850 4041 antiquis
868 3957 1000 4021 Graecis
1024 3976 1089 4018 non
1112 3957 1223 4037 ignota

128 4077 217 4143 sirloc
239 4083 369 4147 transiit
391 4085 427 4145 in
449 4074 556 4142 αὐτίον
578 4083 661 4167 apud
683 4083 884 4167 posteriores.
916 4079 1052 4143 Constat
1074 4079 1224 4140 nimirum

130 4209 211 4286 quod
239 4210 278 4271 ab
307 4206 428 4270 Atticis
457 4204 676 4291 appellabatur
709 4200 825 4282 βαῦμα
860 4203 943 4287 apud
971 4202 1066 4264 Iones
1087 4178 1225 4261 sonasse
