2700 4672
118 285 193 335 XXI}

120 451 199 528 Hae
222 478 336 530 novae
361 453 638 556 significationes
659 453 849 556 aliquando
871 451 992 555 specie
1006 461 1146 528 tantum
1163 481 1228 530 no·

120 610 188 665 ¹vae
204 595 299 677 sunt,
323 613 448 665 revera
472 589 650 688 antiquae,
670 590 804 690 quippe
822 613 924 688 quae,
943 586 1110 661 siminus
1133 589 1229 689 apud

122 717 317 818 scriptores
343 719 524 811 classicos,
548 730 667 796 tamen
692 721 730 794 in
753 719 1046 821 inscriptionibus
1070 720 1229 819 antiquis

122 849 218 924 haud
247 878 328 927 raro
362 853 487 930 obviae
519 854 601 930 sint.
650 852 759 930 Unde
785 880 846 928 eas
870 863 1033 930 veterum
1050 878 1138 929 aevo
1153 854 1229 955 ple·

122 982 222 1081 bejas
251 984 364 1060 fuisse
389 986 566 1086 conjicias.
616 985 710 1087 Quis
735 986 843 1088 igitur
867 985 1025 1072 dubitet,
1050 985 1137 1085 quin
1161 986 1229 1060 hac

124 1142 270 1217 quoque
293 1117 331 1190 in
355 1127 457 1219 parte
482 1119 660 1195 recentior
674 1119 795 1220 lingua
812 1118 857 1192 ad
877 1117 1135 1218 philologorum
1154 1129 1230 1193 stu·

124 1246 182 1321 dia
207 1248 393 1324 utilissima
419 1252 468 1326 sit
485 1251 656 1327 habenda.
704 1251 898 1328 Enimvero
916 1276 1150 1351 quaecunque
1168 1276 1231 1329 vo-

124 1380 248 1456 eabula
271 1383 427 1457 recentis
453 1385 655 1485 graecitatis
672 1383 709 1458 in
728 1384 953 1484 antiquorum
971 1384 1139 1484 operibus
1156 1409 1229 1457 nou

124 1514 275 1615 amplius
301 1527 510 1616 supersunt,
540 1543 587 1591 ne
618 1517 800 1593 exstitisse
834 1514 976 1616 quidem
1008 1515 1092 1589 olim
1122 1540 1228 1589 nemo

123 1648 283 1749 prudens
302 1648 397 1723 ausit
414 1650 641 1724 contendere.
693 1650 788 1724 Sunt
804 1659 920 1724 autem
937 1648 995 1724 illa
1012 1647 1140 1750 partim
1158 1647 1230 1748 pri-

123 1780 257 1872 mitiva,
283 1779 379 1855 unde
404 1781 562 1856 derivata
586 1791 724 1869 tantum
748 1782 920 1860 vocabula
950 1782 988 1854 in
1011 1780 1164 1857 vetustis
1189 1778 1230 1851 li-

123 1912 198 1987 bris
223 1940 319 1987 nunc
342 1912 504 2014 legimus,
529 1914 657 2014 partim
682 1914 849 2006 derivata,
876 1937 1026 2015 quorum
1051 1910 1228 2011 primitiva

122 2044 230 2119 modo
255 2046 363 2123 verba
380 2055 541 2125 veterum
559 2048 691 2148 scripta
708 2049 901 2136 continent,
923 2045 1053 2145 partim
1069 2043 1127 2120 vel
1145 2043 1229 2117 sim-

123 2175 229 2277 plicia
253 2177 311 2255 vel
337 2180 545 2280 composita,
572 2207 724 2281 quorum
743 2181 910 2254 alterutra
936 2175 1052 2251 solum
1076 2176 1114 2249 in
1138 2175 1228 2250 anti·

125 2334 278 2407 quorum
303 2312 471 2411 operibus
497 2313 619 2420 relicta
647 2323 741 2388 sunt.
789 2310 944 2384 Tantam
959 2309 1150 2384 verborum
1167 2308 1228 2381 ad-

123 2438 195 2514 huc
211 2441 453 2538 ignoratorum
471 2446 609 2546 copiam
626 2442 769 2518 nonnisi
786 2439 939 2515 maximo
956 2467 1035 2514 cum
1055 2442 1227 2514 bonarum

121 2571 319 2647 litterarum
357 2574 571 2652 detrimento
609 2573 789 2650 contemni
826 2599 935 2674 posse
967 2582 1127 2674 apertum
1159 2582 1227 2646 est.

122 2702 312 2780 Caeterum
338 2735 410 2808 quo
435 2709 555 2810 plures
579 2707 616 2780 in
641 2705 757 2780 lucem
779 2707 1008 2807 proferuntur
1025 2705 1228 2803 inscriptio·

121 2862 188 2912 nes
212 2848 386 2931 vetustae,
412 2868 455 2915 eo
480 2841 581 2942 plura
612 2838 790 2912 inferioris
823 2810 1024 2939 graecitatis
1055 2836 1228 2940 vocabula

121 2970 325 3070 antiquitati
348 2972 581 3051 vindicantur.
643 2969 737 3071 Quis
772 2971 866 3043 enirn
898 2970 981 3043 olim
1006 2966 1226 3068 ἀρχοντεύω

122 3112 160 3176 et
184 3102 423 3202 dpxovraoou
445 3129 512 3204 pro
538 3102 700 3203 genuinis
725 3112 886 3181 veterum
911 3102 1058 3179 vocibus
1084 3099 1228 3175 habuis·

123 3246 190 3325 set,
217 3263 309 3336 quac
333 3261 429 3310 nunc
454 3260 498 3307 cx
522 3233 753 3310 Boeclrhiano
779 3235 1051 3336 inscriptionum
1075 3260 1227 3334 corpore

120 3368 244 3444 lexicis
269 3367 391 3442 inferri
414 3376 577 3467 possunt
628 3367 774 3469 Quippe
799 3368 836 3441 in
862 3366 931 3442 hoc
963 3365 1067 3467 quasi
1096 3366 1142 3438 de
1173 3365 1227 3438 in-

121 3500 257 3577 dustria
293 3497 396 3571 mul-ti
431 3496 592 3599 pec‘cant,
628 3501 742 3601 quod,
777 3525 1012 3600 quaecunque
1046 3497 1226 3570 neminem

119 3630 279 3709 florentis
305 3630 431 3705 aetatis
457 3632 671 3731 scriptorum
696 3657 889 3733 usurpasse
919 3629 1058 3735 vident,
1092 3654 1133 3702 ea
1165 3628 1227 3704 illo

120 3788 210 3841 aevo
234 3787 281 3834 ne
306 3760 377 3836 dici
403 3763 546 3863 quidem
565 3767 727 3866 potuisse
745 3763 929 3835 affirmant.
971 3761 1045 3835 Sed
1064 3771 1103 3835 ut
1118 3761 1227 3835 fidem

119 3894 291 3970 habemus
317 3894 499 3996 Hesychio
524 3897 674 3995 aliisque
698 3892 976 3993 lexicographis,
1008 3894 1069 3967 ubi
1093 3920 1227 3968 memo·

117 4036 200 4101 rant
224 4053 342 4119 voces,
369 4056 458 4129 quas
484 4029 615 4101 frustra
646 4052 797 4125 quaeras
823 4027 861 4098 in
892 4027 1119 4126 antiquorum
1150 4051 1225 4099 rno-

119 4162 310 4253 numentis,
334 4162 384 4235 ita
408 4159 525 4234 nostri
548 4157 721 4258 temporis
756 4158 894 4260 vulgari
925 4156 1122 4231 Graecitati
1151 4184 1226 4232 non

118 4293 291 4371 minorem
321 4289 428 4366 tidem
456 4289 615 4366 tribuere
647 4289 837 4400 dehemus,
871 4290 1082 4392 praesertim
1112 4315 1224 4389 quum
