2700 4672
1117 242 1162 313 7³

57 457 87 522 p.
110 433 185 501 922.
228 436 300 501 Hoc
321 455 439 500 nomen
462 434 549 499 casei
570 433 712 499 laconici
726 446 917 522 acceperunt
932 438 971 501 ab
989 439 1067 501 urhe
1081 457 1161 519 quae

58 560 95 624 in
116 560 236 624 vicinia
257 561 374 624 veteris
396 556 537 646 Spartae
560 559 624 662 sita
646 568 695 622 est
717 578 755 621 ac
770 564 857 622 nunc
875 558 970 644 vulgo
987 552 1005 619 ὁ
1021 558 1163 641 Μιστρᾶς

58 695 272 769 nuncupatur.

74 860 77 865 Α
189 804 232 867 V.
256 801 309 870 69.
357 794 573 885 γλυκῦσματα
589 802 644 867 hic
660 814 737 867 sunt
756 798 904 883 bellaria
921 804 971 866 vel
986 802 1161 891 cupediae,

60 945 140 1008 quae
161 947 182 990 a
204 928 363 994 veteribus
385 927 570 1014 plerumque
585 917 781 1007 τραγήματα,
805 913 965 1006 τρωγάλια
978 926 1029 990 vel
1046 923 1162 1010 ἐπιδορ.

60 1040 205 1127 clepera
231 1048 485 1135 appellabantur.
541 1049 582 1112 In
609 1051 744 1131 antiqua
771 1048 885 1133 lingua
907 1037 1083 1129 γλὺκυσμα
1103 1071 1178 1135 pre·

61 1168 237 1237 dulcedine
258 1191 384 1257 semper
405 1184 585 1259 usurpatur.
608 1206 652 1219 —
674 1164 720 1232 ὁπ’
745 1159 810 1232 ὅλοι
831 1172 854 1235 i.
876 1193 904 1235 e.
921 1164 1007 1245 ,ὀποῦ
1029 1159 1106 1238 dioc,-
1122 1207 1163 1219 -

61 1291 224 1375 ἅγαποῦσι
244 1295 268 1359 i.
290 1315 320 1357 e.
342 1286 502 1375 ἀγαπῶσι.
524 1326 568 1339 -

193 1415 236 1478 V.
260 1414 311 1481 71.
357 1410 488 1497 φαῳητὰ
517 1415 569 1481 vel
602 1404 708 1496 φαγιὰ
740 1417 826 1502 apud
858 1419 1053 1481 recentiores
1087 1429 1164 1482 sunt

61 1535 188 1604 edulia.
212 1573 255 1585 —
276 1526 416 1619 βράζουν
437 1539 459 1602 i.
482 1560 510 1604 e.
533 1500 865 1620 uedeoocfcoqeunt,
887 1540 942 1620 qui
962 1541 1164 1623 significatus

61 1664 98 1726 in
120 1663 269 1726 citeriore
292 1671 417 1724 tantum
439 1661 616 1744 graecitate
638 1662 817 1742 invenitur,
840 1660 996 1743 siquidem
1024 1663 1060 1723 in
1082 1663 1165 1725 anti·

63 1805 124 1868 quo
147 1804 295 1848 sermone
316 1772 444 1864 βράζειν
455 1779 601 1871 seruere
623 1795 655 1848 et
675 1780 816 1850 ebrzllire
836 1795 989 1871 perpetuo
1004 1795 1106 1848 notat.
1122 1816 1166 1833 -

62 1897 97 1970 τὸ
115 1885 265 1980 Ιτζουκοίλι
287 1906 339 1971 vel
359 1898 512 1968 eeooedn
532 1903 625 1983 olla,
647 1930 710 1972 vox
731 1911 878 1973 incertae·
901 1908 1050 1991 originis.
1102 1907 1165 1970 Ob-
1267 1944 1271 1949 ·

62 2031 253 2096 servandum
276 2041 335 2110 est,
358 2034 392 2102 τέ
414 2031 465 2095 vel
485 2048 525 2090 ro
550 2032 802 2096 indictionibus
828 2030 879 2096 vel
906 2031 1087 2117 peregrinis
1116 2028 1166 2095 vel

64 2154 225 2240 corruptis
254 2154 398 2239 reperiri.
451 2154 588 2229 Quando
617 2154 734 2218 Graeci
762 2174 829 2218 non
855 2155 895 2219 ab
923 2154 997 2218 aliis
1028 2152 1167 2221 mutuati

62 2287 140 2340 sunt
161 2297 271 2354 voces,
293 2277 330 2339 in
352 2277 464 2356 quibus
482 2279 616 2359 junctae
638 2287 768 2342 exstant
795 2274 857 2338 hae
886 2275 966 2338 duae
994 2294 1166 2356 consonae,

64 2399 153 2463 velut
173 2386 386 2477 τζαρλαῗάνος
408 2409 440 2461 et
463 2389 652 2477 ἵζερεμονία,
675 2419 753 2479 quas
769 2398 863 2463 Italis
878 2397 1004 2479 dehent,
1019 2399 1076 2461 sed
1092 2419 1167 2480 qun-

63 2523 250 2603 tiescunque
278 2541 354 2584 suas
386 2521 529 2606 ipsorum
557 2541 651 2584 voces
683 2520 732 2584 sic
759 2519 984 2606 deturparunt,
1024 2520 1106 2584 illud
1134 2523 1168 2595 νζ
1281 2543 1283 2547 “

63 2643 114 2708 vel
141 2666 160 2707 e
186 2643 327 2730 simplici
355 2665 392 2719 κ,
413 2642 464 2706 vel
486 2666 504 2706 e
526 2663 587 2720 σκ,
609 2642 699 2707 vele
722 2659 754 2719 t,
776 2642 827 2706 vel
849 2663 867 2705 e
888 2644 924 2723 ξ,
953 2642 1003 2706 vel
1031 2643 1167 2723 denique

63 2787 295 2849 nonnunquam
317 2788 335 2830 e
356 2785 380 2826 σ
401 2778 514 2830 natum
537 2787 607 2830 esse
635 2777 788 2829 accurata
814 2765 945 2849 linguae
973 2765 1168 2852 pervestiga-

63 2891 111 2953 tio
133 2901 300 2954 monstrat.
347 2888 406 2953 Sic
427 2883 540 2963 agnda
561 2890 672 2953 dicunt
693 2909 752 2975 pro
774 2880 875 2962 atquc
890 2890 911 2952 i.
931 2910 960 2952 e.
980 2880 1075 2964 κίχλη
1097 2895 1167 2951 ίαν,

63 3010 138 3087 dus,
159 3005 288 3092 τζυρῖζω
310 3033 368 3097 pro
391 3005 518 3091 συρίζω,
539 3002 713 3092 τζιτζυρῖζω
734 3033 793 3099 pro
816 3004 970 3093 τιτυρῖζω,
998 2998 1168 3088 φζῶφλοιον

64 3156 124 3221 pro
154 3124 337 3211 ἐξώφλοιον,
364 3126 484 3207 aegeo
505 3156 564 3221 pro
586 3126 716 3195 πεσκίον
737 3137 759 3197 i.
782 3157 811 3198 a.
833 3127 949 3204 eca‘eaoe
966 3130 1086 3219 pellis,
1113 3153 1167 3199 cu.

64 3251 163 3319 rium.
208 3255 320 3335 Neque
347 3265 456 3318 tamen
484 3258 684 3340 negaverim,
713 3258 752 3319 in
773 3259 883 3343 paucis
906 3258 1093 3340 quibusdam
1115 3279 1167 3324 vn·

65 3377 189 3442 calculis
211 3375 375 3442 alternare
397 3384 415 3452 ζ
437 3390 469 3444 et
490 3383 534 3457 cg,
557 3380 696 3466 exempli
719 3401 816 3445 causa
834 3373 1015 3457 cateruae,
1030 3401 1092 3461 quo
1107 3400 1167 3465 pro

66 3492 186 3579 ζίζιφον
206 3502 308 3565 utitur
329 3501 452 3587 vulgus.
496 3503 545 3569 At
566 3504 603 3567 in
624 3505 805 3588 peregrinis
833 3503 1065 3579 locutionibus,
1094 3500 1169 3582 quid

65 3625 129 3688 sibi
150 3625 227 3687 velit
248 3628 283 3696 τζ
305 3644 458 3705 quaerere
479 3644 567 3688 nunc
588 3645 655 3687 non
678 3637 782 3703 vacat,
804 3624 954 3703 quoniam
977 3621 1095 3683 Graeci
1116 3640 1169 3688 va-

65 3747 135 3809 rios
157 3748 400 3831 peregrinarum
422 3746 607 3830 linguarum
629 3765 737 3824 sonos,
760 3744 871 3825 quibus
892 3745 955 3830 ipsi
971 3753 1092 3822 carent,
1107 3741 1169 3808 hoc

66 3868 161 3933 modu
184 3870 400 3953 exprimentes
422 3844 640 3934 diversissima
663 3868 850 3949 quandoque
872 3868 1076 3929 miscuerunt.
1111 3865 1170 3930 Est

67 4003 176 4056 autem
198 3988 259 4053 hoc
281 3998 506 4074 argumentum
528 4013 569 4055 ex
591 3994 650 4073 iis,
673 3993 756 4075 quod
778 3992 814 4054 in
836 3991 1001 4054 tradendis
1028 4008 1169 4074 pronun-

67 4114 214 4177 tiationis
236 4112 358 4199 regulis
380 4116 507 4181 uberius
530 4115 767 4203 explanandum
788 4115 841 4180 sit.
894 4115 1001 4192 Quare
1029 4111 1108 4182 alibi
1130 4109 1170 4182 de

69 4257 108 4300 eo
130 4256 269 4320 agemus.
