2700 4672
181 185 228 261 89

180 397 348 476 practerea
370 383 475 448 adnot
499 382 540 446 ad
562 339 641 446 vers.
664 377 718 445 94.
762 378 884 444 Nostro
899 377 969 445 loco
992 369 1126 463 ἔρχομαι
1142 399 1215 447 cam
1231 382 1291 447 ha·

181 512 236 574 bet
250 509 455 586 sententiam,
477 525 559 588 quae
580 507 638 568 sub
661 505 837 590 composito
860 507 955 569 verbo
978 498 1157 586 ἀπέρχομαι
1171 507 1292 589 subjici

183 632 278 708 solet,
310 632 345 694 id
378 630 462 711 quod
493 628 590 711 longe
617 628 722 691 rarius
750 628 787 689 in
813 629 1001 709 recentium,
1024 649 1117 710 quam
1144 641 1291 693 veterum

183 756 380 818 Graecorum
403 769 550 814 sermone
573 749 621 812 fit.
666 749 764 813 Plebs
784 761 891 812 autem
913 752 1063 833 antiquae
1085 750 1218 834 linguae
1233 773 1291 814 cx·

181 897 255 966 pers
278 875 364 940 hanc
384 874 472 937 verbi
494 873 736 958 usurpationem
758 874 824 936 lere
845 873 986 956 ignorat.
1038 871 1203 950 Crusium,
1234 875 1292 954 qui

183 1001 281 1064 vertit
298 1007 389 1084 pra'c
411 1003 500 1059 metu
520 1013 560 1058 eo
583 991 691 1068 venio,
713 1006 781 1058 tcto
805 995 894 1058 caelo
917 1015 1052 1077 errasse,
1076 997 1125 1058 vel
1147 1015 1215 1059 non
1238 1016 1292 1059 as

182 1122 344 1187 severanti
366 1138 460 1182 nemo
484 1118 557 1197 erit,
572 1119 649 1199 quin
671 1117 753 1181 mihi
776 1120 893 1182 credat.
915 1151 959 1164 —
980 1116 1112 1195 ξεψυχῶ
1135 1117 1292 1203 exspiro,

184 1241 336 1308 aniruam
358 1237 462 1326 effla,
478 1237 660 1304 exanimor
687 1242 724 1304 in
746 1241 895 1328 populari
918 1242 1093 1325 graecitate
1115 1253 1292 1327 usurpatur

182 1373 243 1455 pre
266 1358 398 1446 antiquo
422 1351 563 1441 ἕκψύχω.

314 1486 357 1549 V.
382 1485 435 1549 91.
479 1474 643 1568 γλυῃόυειν
663 1486 700 1550 in
721 1485 847 1570 vulgari
868 1487 981 1571 lingua
1002 1487 1089 1550 valet
1105 1482 1291 1574 aufugere,

182 1609 348 1689 euadere3
372 1609 433 1690 (cs.
457 1629 536 1691 quae
559 1611 629 1674 dixi
656 1611 698 1674 ad
719 1619 845 1673 versum
869 1607 930 1691 llt)
959 1611 1117 1674 interdum
1146 1622 1180 1673 et
1207 1606 1291 1674 libes

182 1733 287 1798 randi
308 1732 528 1817 significatum
550 1731 663 1814 habet,
692 1752 784 1814 quem
813 1734 1008 1825 primitivurn
1037 1734 1134 1797 luisse
1156 1745 1290 1815 etymon

183 1857 279 1941 hujus
302 1856 389 1919 verbi
412 1834 544 1919 indicat.
589 1853 777 1918 Derivatum
800 1856 887 1918 enim
915 1867 964 1919 est
993 1857 1032 1918 ab
1064 1842 1204 1935 ἔκλυτος,
1233 1857 1289 1920 ad-

177 1981 298 2064 jectIvc
320 1977 440 2041 verbali
462 1980 550 2042 verbi
579 1966 717 2054 ἐκλύειν,
747 1981 840 2069 cujus¹
867 1979 941 2058 vim,
965 1979 995 2041 si
1016 1998 1083 2041 non
1106 1990 1221 2062 totam,
1246 2001 1289 2042 cx

183 2113 276 2189 parte
298 2113 408 2165 tamen
431 2120 515 2164 nova
531 2123 593 2166 vox
608 2101 739 2186 accepit.
785 2100 836 2162 Ex
851 2101 961 2163 ecdem
976 2102 1065 2165 fonte
1080 2099 1174 2164 fluxit
1187 2090 1288 2181 γλῦω,

184 2225 268 2305 quod
295 2225 380 2288 infra
408 2243 489 2289 vers.
523 2221 586 2289 143
614 2222 743 2305 legitur.
793 2221 878 2286 Vide
908 2222 1023 2287 Corais
1050 2215 1108 2284 ’Ar
1137 2224 1227 2287 Tom.
1252 2223 1289 2287 Π

182 2367 215 2434 p.
238 2345 290 2411 99.

316 2469 359 2533 V.
383 2467 434 2534 99.
481 2456 524 2528 ccl
545 2443 630 2549 ’βρω,
652 2486 712 2554 pro
736 2488 797 2550 quc
820 2479 853 2532 et
873 2459 915 2528 νὰ
937 2462 1003 2551 βρῶ
1029 2469 1118 2556 plebs
1145 2465 1287 2550 adhibet,

184 2593 269 2656 idem
290 2605 386 2679 sonat
409 2592 492 2673 quod
513 2581 557 2650 cot
578 2579 667 2671 εὕρω,
691 2613 732 2654 ex
755 2611 816 2672 quo
839 2606 990 2657 consueta
1014 2593 1147 2676 quadam
1167 2588 1287 2676 aphae-

184 2717 249 2779 resi
271 2727 383 2779 natum
406 2725 465 2778 cst.
492 2742 535 2760 -
555 2705 620 2772 ’κεῖ
635 2715 657 2775 i.
679 2735 705 2776 e.
729 2708 800 2775 ἐκεῖ.
831 2752 875 2763 -
906 2703 1010 2777 Κοντά
1024 2699 1152 2803 juxta,¹
1165 2732 1288 2798 prope,

184 2834 233 2938 in(
250 2834 394 2915 vicinia,
422 2834 536 2898 vccffla
563 2835 700 2900 sortasse
728 2837 864 2902 Italicae
888 2840 1039 2924 originiS,
1062 2856 1156 2919 quam
1176 2847 1302 2902 tamen*

133 2932 148 2969 ἢ
184 2961 285 3023 miror
309 2958 445 3021 Coraem
469 2967 638 3039 cognatam
660 2971 791 3044 putasse
821 2983 891 3025 cum
920 2974 1058 3026 veteruur
1086 2960 1287 3023 substantivo

183 3071 302 3154 κοννός,
331 3099 435 3160 aquo
458 3079 494 3141 in
516 3055 665 3144 citeriore
689 3081 872 3148 Graecitatc
894 3085 1082 3169 adjectivum
1102 3066 1225 3151 κοντός,
1248 3070 1285 3156 ti,

185 3223 222 3261 cr
249 3197 376 3275 brevis,
399 3221 533 3286 parcus
559 3206 710 3268 manavit.
762 3206 812 3270 ct.
839 3199 956 3266 ’Araxa
984 3204 1072 3267 Tcm.
1095 3198 1130 3261 ΙΙ
1151 3219 1182 3283 p.
1208 3197 1284 3266 196.

184 3351 229 3370 *-
251 3307 347 3381 σῶσω
371 3326 455 3407 conj.
479 3345 546 3388 acr.
570 3329 657 3391 verbi
680 3315 764 3388 σόνω
787 3299 826 3392 ab
849 3329 982 3406 antiquo
1011 3312 1075 3381 σόω
1098 3321 1285 3392 deducendi.

136 3422 141 3428 ’
185 3443 244 3510 Est
266 3456 371 3507 autem
394 3447 430 3509 iu
453 3448 590 3511 barbara
612 3452 788 3534 graecitate
809 3436 893 3509 σόνω
915 3465 981 3507 non
1002 3443 1105 3507 solum
1127 3462 1243 3521 cervo,
1265 3469 1287 3512 e

180 3564 334 3655 periculo
356 3564 476 3654 eripio,
498 3570 554 3633 sed
576 3573 675 3635 etiam
698 3565 865 3641 rrrbvent'c,
888 3559 1032 3651 attingo,
1055 3562 1212 3642 advenio,
1234 3564 1285 3632 in-

185 3688 288 3766 vado,
310 3711 409 3776 porro
431 3687 520 3754 sutis
541 3712 625 3769 rum,
646 3685 798 3780 sufficia,
827 3689 961 3768 denique
973 3681 1067 3774 finio
1095 3700 1129 3751 et
1156 3686 1284 3756 desino.

184 3811 236 3875 Dc
265 3811 388 3891 reliquo
422 3832 575 3897 praesens
602 3803 693 3887 σώζω
720 3821 845 3874 retenta
878 3812 1011 3890 antiqua
1045 3810 1286 3905 significatione

184 3932 283 3995 ctiam
305 3952 391 3995 nunc
413 3947 527 4001 exstat.
572 3968 618 3983 -
660 3920 829 4014 rgovraica
856 3933 978 4017 pariter
1001 3935 1084 4015 conj.
1107 3953 1172 3997 acr.
1196 3919 1287 4002 uerbi

184 4054 376 4117 recentioris
398 4047 555 4137 τρουπόνω
584 4057 606 4118 i.
630 4077 658 4119 e.
682 4048 809 4142 defigo,
827 4049 914 4140 figo,
935 4067 1105 4142 praeterea
1126 4075 1178 4119 me
1193 4054 1286 4123 abdo

184 4169 219 4238 iu
231 4170 410 4261 foramen.
464 4177 652 4244 Tenendum
679 4179 847 4256 animast,
870 4198 929 4266 pro
957 4175 1058 4259 τρῢπα
1078 4179 1114 4242 in
1135 4179 1288 4266 populari

1219 4318 1287 4368 sei·
