2700 4672
1043 142 1062 176 ”
1112 170 1160 242 eo

55 363 241 457 pardalin,
259 357 465 452 pedetentim
488 355 663 444 significat,
681 345 867 468 epatium
889 357 960 442 alii,
981 361 1068 426 inter
1083 385 1161 448 quor
1266 394 1269 397 ·

59 491 182 555 Coraes
204 499 254 552 est
273 479 393 548 ’.Arme
417 485 509 549 Tom
531 481 575 547 11.
597 501 628 573 p.
653 471 779 544 tab
758 473 882 587 opacis
902 481 1034 549 fluxisse
1061 499 1162 559 statu·

58 625 128 678 111.
172 610 324 696 Ejusdem
345 607 514 696 potestatis
534 612 585 669 est
606 591 778 685 dspo'ztto

189 734 233 797 V
260 731 333 798 161
378 717 542 810 dommi
566 749 588 791 1·
611 749 638 791 θ·
662 716 917 807 ecquando...
873 724 1161 814 -epte'puperovi

57 881 87 924 e.
111 848 274 940 ἐμέμφετο.
320 853 369 918 Cs
393 854 435 917 ad
456 871 537 916 vers.
564 848 704 914 123.-
726 842 807 912 duod
825 842 891 913 ’ἴον
913 873 973 939 pro
989 849 1068 917 ὀποῦ
1082 841 1163 932 prov.

190 978 234 1042 V.
260 973 333 1040 161.
377 964 447 1034 rotie
468 974 644 1058 vulgariter
665 994 724 1060 pro
746 963 817 1053 adu,
837 975 936 1040 idest
956 975 989 1040 h.
1012 977 1034 1039 1.
1059 966 1162 1040 odedu.
1215 966 1217 969 ¹

58 1104 190 1169 Pariter
220 1099 337 1163 Graeci
363 1098 474 1178 dicunt
495 1093 559 1166 πῶς
578 1087 649 1156 roni
670 1089 734 1177 ie'q3
764 1092 929 1181 quomodo
951 1114 1024 1160 eum
1047 1097 1163 1183 appel-

58 1223 138 1290 ler?
158 1246 231 1286 rone
252 1214 355 1300 βλέπω
377 1216 476 1284 video
498 1237 583 1282 eum.
635 1215 721 1280 Sed
734 1229 810 1282 ante
836 1221 933 1283 verba
954 1231 1081 1284 tantum
1102 1242 1162 1335 pro

57 1338 113 1410 ato
134 1346 280 1411 adhiberi
301 1354 407 1430 potest
427 1333 505 1401 roue'
534 1371 581 1389 -
610 1329 783 1400 dediturum
809 1361 870 1427 pro
896 1333 1101 1402 dve'toncro
1089 1365 1111 1408 e
1133 1367 1161 1409 e.
1250 1422 1252 1426 ,

59 1461 259 1537 ἀνελπίστως.
303 1464 446 1528 Perinde
475 1472 525 1526 est
551 1453 663 1534 ἐλπίζω
686 1474 718 1526 11
739 1454 867 1540 dioride,
891 1466 978 1546 quod
1001 1467 1087 1530 infra
1108 1488 1163 1531 ex·

59 1602 125 1657 stat
147 1611 229 1654 vers.
253 1585 334 1651 163..
376 1585 547 1650 Caeterum
570 1586 651 1654 coni.
676 1586 749 1648 adn.
772 1586 814 1649 ad
836 1606 918 1650 vers.
941 1586 1103 1653 901111.
1120 1623 1163 1638 -··

58 1693 111 1780 De
133 1711 196 1775 hoo
218 1700 256 1769 σε
278 1709 352 1771 vide
374 1727 455 1788 quae
476 1707 616 1770 diximus
639 1707 680 1769 ad
703 1707 825 1791 dialogi
847 1730 929 1773 vers.
953 1704 1163 1775 9-111»

58 1824 140 1892 teia'
165 1833 258 1896 metri
281 1850 378 1893 causa
400 1850 459 1916 pro
481 1818 667 1892 dedicta*
658 1851 679 1892 1.
703 1852 731 1893 1.
753 1820 920 1892 ἀπώλειαν.

191 1952 234 2016 V.
260 1951 331 2019 163
377 1945 480 2024 &itero
514 1940 610 2034 φύγει
642 1955 783 2017 futurum
814 1910 1095 2041 periphrasticum‚
1128 1968 1165 2020 ut

59 2077 195 2141 vidimus
217 2097 300 2140 vers.
326 2073 380 2154 11,
404 2075 460 2138 uhi
482 2077 592 2138 confer
614 2062 857 2139 adnotationem
879 2085 1034 2140 nostram.
1078 2076 1161 2158 Illis,

58 2218 140 2281 quae
161 2198 208 2261 ibi
230 2198 381 2276 diximus,
397 2213 491 2258 nunc
512 2193 593 2259 hoec
615 2195 760 2260 addenda
782 2215 959 2262 censemus.
1004 2197 1082 2262 Non
1103 2201 1162 2264 mi·
1228 2195 1232 2199 “

58 2340 131 2384 rum
153 2330 212 2400 est,
234 2319 431 2383 recentiores
452 2314 515 2403 bac
536 2317 737 2404 potissimum
757 2317 941 2405 periphrasi
962 2320 1064 2384 futuri
1084 2333 1163 2386 tom

58 2441 229 2531 potienti,
253 2461 348 2523 quum
363 2451 403 2518 et
425 2438 549 2521 antiqui
570 2439 745 2524 scriptores
768 2437 823 2503 hic
849 2440 920 2504 illic
947 2422 1055 2523 locos,
1083 2463 1162 2525 quoa
1258 2474 1261 2475 ⁷

58 2566 173 2630 merito
195 2563 259 2628 huc
281 2563 404 2642 trahas,
428 2561 574 2641 offerant.
620 2560 711 2624 Talis
733 2572 783 2625 est
809 2562 895 2649 apud
916 2562 1088 2629 Platonem
1115 2565 1162 2632 lo-

59 2709 114 2751 cus
133 2689 173 2750 in
195 2685 345 2750 Phaedro
368 2706 437 2771 cap.
461 2680 481 2747 5
502 2705 534 2771 p.
558 2681 624 2748 130
647 2680 762 2770 Steph.
790 2673 832 2744 roi
857 2677 974 2766 δένδρα
1000 2675 1096 2748 oddiv
1119 2678 1162 2768 ,ui

58 2802 145 2880 θέλει
172 2797 351 2889 διδάσκειν,
380 2808 444 2871 1111
463 2826 544 2888 quae
570 2805 778 2872 Heindorfius
805 2819 839 2871 11
866 2807 981 2872 Aetius
1008 2819 1162 2874 notarunt

57 2929 157 2997 nihili
183 2943 269 2994 sunt·
315 2929 385 3011 Res
403 2931 451 2994 ita
472 2949 508 2993 se
535 2927 641 2993 habet.
687 2929 851 3011 Quidquid
872 2931 990 2994 iacere·
1004 2926 1161 3014 volumus.

39 3028 201 3135 ‘quamvis
218 3056 289 3137 Jam
311 3052 346 3114 in
368 3073 407 3114 eo
429 3053 540 3132 simus,
563 3063 600 3116 ut
621 3052 956 3138 iaciamus‚'quoniam
969 3066 1088 3116 natura
1101 3076 1162 3120 cua

57 3175 101 3237 ad
128 3174 269 3236 futurum
296 3186 420 3257 tempus
447 3184 587 3258 spectat,
615 3174 682 3237 sive
704 3174 786 3237 illud
813 3176 940 3254 statim,
968 3175 1038 3238 sive
1059 3175 1161 3242 multo

57 3305 132 3382 post
153 3294 223 3357 iore
245 3295 414 3377 cogitatur,
436 3295 485 3357 ite
506 3295 610 3359 verbis
631 3296 807 3360 enunciare
828 3295 979 3380 solemus,
1002 3309 1037 3362 ut
1062 3319 1162 3381 quan·

57 3429 127 3484 tum
148 3417 184 3482 in
206 3417 300 3483 nobis
321 3417 419 3481 situm
440 3417 495 3498 sit,
517 3424 723 3483 exsecuturos
754 3439 816 3484 noe
837 3442 910 3484 esse
929 3420 1162 3505 significemur,

56 3537 142 3603 nihil
163 3513 324 3622 curantem,
347 3561 464 3604 verene
485 3538 549 3606 hoc
569 3554 756 3606 eventurum
778 3545 833 3623 sit,
855 3563 900 3605 an
921 3543 1039 3605 minus.
1077 3543 1162 3607 Huic

56 3663 183 3726 notioni
204 3663 433 3749 exprimendae
455 3642 651 3728 destinatum
677 3674 728 3724 est
748 3663 834 3748 opud
861 3662 1003 3725 Graecos
1031 3665 1162 3729 verbum

56 3776 229 3854 1111111
250 3776 383 3864 ἐθέλειν,
397 3772 427 3847 'a
449 3802 510 3866 quo
532 3783 795 3867 distinguendum
810 3795 860 3847 eet
874 3773 1061 3862 poterent.
1090 3785 1163 3853 Hoc

55 3907 144 3970 enim
165 3923 233 3968 non
254 3916 322 3970 tem
343 3906 416 3994 ipsa
436 3901 595 3987 voluntas,
618 3925 714 3989 quam
734 3916 872 3971 externa
890 3905 1068 3979 uoluntatis
1088 3929 1161 3997 epe.

56 4029 122 4092 cies
144 4028 346 4114 exprimitur.
392 4029 466 4105 Quo
494 4029 534 4092 fit
559 4041 596 4093 ut
623 4022 642 4089 ὁ
668 4024 774 4100 oeteo
800 4023 931 4107 ποιῆσαί
955 4048 982 4091 τι
1005 4033 1093 4096 omni
1115 4034 1162 4096 vi.

28 4121 39 4140 ⁵
55 4151 141 4216 rium
164 4151 370 4218 contentione
390 4151 525 4235 nitatur,
547 4162 584 4218 ut
604 4151 713 4236 finem,
732 4173 826 4237 quem
841 4155 904 4259 eibi
917 4155 1095 4250 proposuit,
1111 4167 1161 4221 at·
