2700 4672
1112 255 1199 303 xxm

89 419 380 521 corruptissimus
411 419 472 493 ille
495 417 716 518 HesychiuS,
748 417 806 492 hic
838 429 956 492 autem
989 424 1193 522 superstitis
1250 506 1254 511 ,

58 617 64 633 ,
87 552 211 653 populi
227 578 346 628 sermo
366 578 474 628 sanus
492 562 600 650 atque
617 550 756 652 integer
772 551 827 625 sit
869 549 1005 627 Verum
1024 555 1192 653 quoniam

85 684 260 785 Hesychii
283 686 500 760 mentionem
525 683 608 773 leci,
635 683 751 756 obiter
774 681 904 772 dicam,
935 683 1023 757 illud
1047 685 1190 785 planum

87 826 196 916 atque
215 816 362 894 euidens
380 843 473 906 esse,
498 815 593 890 hunc
610 813 900 915 lexicographum
918 817 1098 893 emendari
1115 847 1190 895 non

86 974 197 1049 posse
221 948 292 1021 nisi
309 975 330 1020 a
346 946 424 1024 viro
440 946 622 1047 popularis
637 946 780 1049 linguae
796 973 943 1047 graecae
962 950 1188 1048 peritissimo.

85 1079 180 1154 Nam
203 1078 295 1151 male
318 1103 433 1177 usque
459 1079 574 1152 adhuc
599 1078 717 1154 editus
743 1088 800 1161 est
823 1078 1039 1177 Hesychius.
1076 1083 1189 1183 Cujus

85 1210 242 1286 editores
258 1236 362 1309 ,quae
384 1235 458 1283 non
481 1210 748 1301 intellexeruut,
775 1237 816 1285 ea
841 1212 1056 1310 conjecturis
1085 1242 1189 1293 vexa·

84 1353 179 1432 runt,
203 1343 339 1418 incerta
363 1343 433 1418 rati
458 1370 549 1442 quae
574 1345 773 1421 certissima
799 1353 893 1420 sunt.
943 1342 999 1423 Ct
1032 1373 1124 1446 quae
1149 1349 1187 1424 in

84 1475 284 1552 Commeat
310 1474 356 1548 ad
379 1473 550 1575 Paraphr.
574 1505 608 1552 u.
632 1479 704 1549 319
731 1475 814 1548 dixi.
1146 1577 1150 1584 Ι

178 1592 363 1707 Quantum
371 1632 479 1707 porro
487 1606 666 1681 lucishinc
679 1605 848 1680 accedere
856 1608 1185 1709 queatsingularum

82 1765 211 1818 vocum
222 1737 585 1840 originatiouivelillis
593 1739 819 1838 antiquorum
827 1738 1185 1840 auctorumlocis,qui

81 1870 1185 1974 nullalectionisvarietateecodicibusnotataobscurietcaptu

83 2003 243 2080 difficiles
269 2002 479 2102 iudicantur,
504 2003 648 2105 longum
674 2014 733 2079 est
758 2003 886 2079 dicere.
942 2003 1088 2081 Vocum
1117 2005 1186 2082 ori-

82 2137 183 2237 gines
209 2135 416 2237 perquirere
440 2135 589 2212 ardumn
619 2147 658 2212 et
682 2136 841 2228 difficile,
870 2136 915 2213 iis
948 2146 1066 2214 autem
1097 2136 1185 2215 dilli-

82 2270 249 2344 cillimunr
274 2278 341 2358 est,
367 2269 430 2368 qui
452 2269 541 2344 salsa
564 2269 856 2370 pronuntiatione·
878 2278 1036 2343 utuntur.
1062 2268 1186 2368 Quare

80 2427 155 2477 non
178 2400 318 2490 mirum,
340 2425 387 2473 ne
410 2399 622 2477 Passovium
649 2400 810 2501 quidem,
834 2400 949 2476 uirum
975 2400 1108 2500 alioqui
1131 2426 1186 2476 sa-

82 2560 207 2637 gacem
223 2543 260 2607 11
278 2531 504 2633 ingeniosum
521 2532 716 2606 multorum
729 2523 918 2610 verborum
938 2533 1186 2634 etymologiam

80 2691 274 2764 veramque
292 2663 465 2738 rationem
485 2663 724 2763 perspexisse.
760 2663 936 2764 Exemplo
954 2664 1027 2738 siut
1043 2663 1187 2738 nomina

82 2795 178 2886 οἶκος
203 2806 240 2871 11
263 2791 379 2894 οἶμος
429 2794 472 2869 In
488 2795 758 2870 veterrimorum
776 2794 989 2896 populorum
1006 2793 1187 2886 Indorum,

81 2931 275 3005 Persarum
302 2938 410 3028 atque
440 2926 692 3004 Hebraeorum
715 2927 847 3029 linguis
883 2926 1010 3004 doinus
1039 2937 1188 3005 vocatur

82 3064 127 3139 iis
151 3060 364 3149 nominibus
390 3085 481 3159 quae
506 3061 628 3136 locum.
641 3061 785 3162 proprie
804 3058 1002 3160 designant,
1024 3059 1066 3133 in
1081 3085 1188 3158 quem

82 3196 245 3272 venimus
269 3192 328 3269 vel
352 3190 535 3268 intramus.
591 3193 728 3267 Eadem
753 3201 916 3292 potestas
942 3191 1060 3293 graeci
1083 3216 1187 3268 voca-

82 3327 157 3403 buli
182 3321 279 3414 οἶκος
303 3333 372 3398 est.
420 3323 532 3425 Quod
549 3324 584 3400 si
604 3335 702 3399 recte
721 3325 930 3425 pronuntias
948 3326 1037 3412 iens,
1059 3349 1185 3425 cogna-

72 3469 161 3534 tum
184 3458 251 3533 tibi
275 3457 418 3535 videtur
442 3483 523 3530 cum
547 3452 626 3558 ἥκω
652 3458 760 3551 (ico)
784 3467 822 3531 ct
845 3457 1028 3554 ixos'oput.
1057 3455 1187 3556 Neque

82 3616 211 3691 magno
235 3590 357 3665 labore
383 3613 474 3688 opus
500 3596 557 3662 est
581 3588 624 3660 ad
643 3586 891 3664 inveniendam
914 3586 1059 3661 alterius
1077 3587 1189 3659 nomi-

84 3724 141 3799 nis
167 3720 428 3824 etymologiam,
451 3717 558 3792 modo
584 3717 802 3793 Graecorum
828 3743 944 3807 more,
968 3742 1042 3789 non
1068 3742 1190 3816 quem-

71 3854 274 3931 admodum
292 3854 471 3937 ‚Erasmus
496 3851 745 3953 praecipiebat,
771 3850 1030 3950 pronuntietur.
1078 3848 1191 3950 lgitur

72 3985 192 4087 -οἷμος
218 3987 352 4082 (imos)
376 3986 440 4057 oiu
466 3995 595 4082 sponte
620 3983 697 4059 lluit
722 3984 765 4056 ab
783 3979 875 4081 εἶμι
895 3983 1004 4079 (imi)
1023 4008 1077 4055 eo.
1104 3979 1190 4081 Quo

88 4119 177 4220 quid
200 4116 313 4218 magis
339 4126 618 4190 consentaneum
644 4142 725 4191 csse
751 4116 894 4215 potest?
942 4114 1022 4188 Jam
1048 4114 1080 4188 si
1104 4111 1191 4185 anti-

89 4277 243 4352 quorum
268 4249 369 4325 locos
393 4274 511 4325 rerum
542 4248 804 4348 verborumque
827 4247 1054 4325 ‚obscuritate
1082 4243 1192 4346 impe·
