2700 4672
1121 217 1185 269 XIX

79 384 220 487 liuguae
237 331 428 467 studium,
469 379 592 481 paucis
630 378 827 454 declarabo.
877 380 983 457 Licet
1005 387 1183 465 recentior

77 518 196 620 lingua
220 514 329 591 multa
354 511 536 603 vocabula,
560 510 691 587 multas
716 512 898 587 nominum
917 516 1182 621 verborumque

75 621 207 726 formas
225 659 263 723 et
280 646 569 750 significationes,
585 643 715 719 multas
731 645 932 746 particulas,
957 658 1067 749 atque
1090 651 1182 730 adeo

74 782 287 884 syllabarum
306 779 541 881 quantitatem
559 777 726 868 amiserit,
748 803 790 850 oc
805 789 988 879 praeterea
1005 808 1079 857 non
1095 811 1182 885 pau-

75 942 136 991 cas
160 941 269 992 voces
294 910 538 1012 loquendique
560 908 730 985 formulas
756 910 946 1001 contineat,
971 938 1072 1013 quae¹
1085 917 1181 1019 apud

75 1057 216 1125 veteres
241 1071 315 1120 non
338 1042 520 1146 leguntur,
554 1041 709 1143 denique
733 1041 772 1116 in
803 1044 990 1119 nectendis
1021 1048 1179 1146 periodis

73 1178 327 1279 struendisque
351 1174 541 1252 sententiis
565 1174 745 1276 paululum
759 1172 898 1251 differat
909 1177 952 1250 ab
960 1179 1116 1279 antiqua,
1126 1181 1181 1257 ni.

70 1311 261 1386 hilominus
274 1320 408 1386 tantam
422 1336 503 1383 cum
516 1307 573 1381 illa
587 1306 853 1382 similitudinem
861 1308 1068 1385 etiamnunc
1077 1313 1179 1413 gerit,

70 1454 242 1545 utparum
257 1442 360 1533 absit,
379 1442 465 1543 quin
479 1441 628 1515 eandem
646 1441 801 1541 linguam
814 1465 896 1516 esse
910 1441 1017 1517 dicas.
1036 1443 1176 1521 Idcirco

71 1576 216 1652 dubium
233 1587 301 1666 est,
318 1585 437 1650 utrum
457 1599 501 1647 ex
517 1571 717 1646 recentiore
734 1598 900 1647 sermone
918 1571 963 1646 ad
979 1575 1177 1675 antiquum,

70 1736 115 1782 an
141 1735 186 1782 ex
210 1708 356 1808 antiquo
376 1706 421 1780 ad
438 1705 673 1779 recentiorem
691 1704 818 1780 melius
838 1704 1048 1806 capiendum
1064 1710 1177 1807 major

67 1839 246 1916 redundet
268 1838 420 1931 utilitas3
445 1837 532 1913 illud
555 1864 628 1912 non
654 1837 810 1930 dubium,
836 1838 924 1940 quin
947 1849 1101 1941 uterque
1126 1839 1175 1916 al-

65 1973 134 2048 teri
159 1972 340 2077 ogregium
364 1971 488 2046 afferat
511 1970 641 2046 lumen.

121 2174 125 2181 .
211 2107 269 2181 Ac
292 2103 444 2207 primum
470 2104 615 2206 quidem
645 2105 678 2180 si
704 2103 785 2204 quis
810 2103 849 2178 in
872 2105 1078 2184 universum
1095 2133 1173 2182 no-

66 2238 134 2314 stri
158 2237 236 2316 1111
260 2238 488 2339 graecitatem
514 2264 594 2312 cum
610 2247 687 2312 tota
704 2237 932 2337 antiquorum
950 2236 1069 2338 lingua
1087 2266 1172 2315 eon·

65 2370 173 2460 ferat,
203 2370 359 2471 reperiat
389 2371 503 2471 prima
532 2370 660 2459 fronte,
685 2368 798 2469 magis
825 2393 904 2443 eam
928 2369 1100 2446 accedere
1124 2372 1171 2447 ad

63 2503 278 2604 scriptorum
290 2502 622 2592 ecclesiasticorum,
636 2501 932 2601 eroticoru'mque,
945 2529 1052 2602 porro
1066 2504 1170 2579 schoss

62 2635 247 2710 liostarum
272 2645 380 2734 atque
405 2642 590 2706 auctorum
614 2632 785 2706 historiae
804 2633 1020 2731 Byzantinae
1040 2636 1169 2709 oratio·

60 2795 155 2858 nem,
180 2794 287 2868 quam
305 2766 350 2841 ad
368 2764 529 2840 florentis
550 2763 676 2839 aetatis
695 2762 837 2837 dicendi
854 2790 977 2866 genus.
1026 2765 1182 2843 Verum·

60 2911 182 2976 tamen
205 2900 320 2978 varias
345 2899 435 2988 11111,
460 2924 551 2998 quac
575 2897 613 2971 in
627 2897 777 3005 Graecia
802 2896 909 2971 hodie
926 2897 1166 2993 inveniuntur,

62 3033 232 3108 dialectos
258 3032 448 3133 populares
466 3030 707 3132 perscrutanti
723 3041 858 3105 certum
877 3030 1065 3122 videbitur,
1084 3060 1164 3132 per·

59 3166 170 3239 multa
195 3192 240 3238 ex
265 3164 513 3263 antiquissimo
539 3163 759 3238 Graecorum
783 3188 949 3238 sermone
974 3163 1011 3236 in
1027 3163 1164 3265 vulgari

57 3295 230 3396 loquendi
254 3321 353 3370 more
378 3320 579 3397 superesse.
594 3297 623 3393 *)
675 3294 781 3396 Quae
805 3321 864 3371 res
889 3295 985 3370 haud
1010 3297 1163 3373 difficilis

59 3428 237 3529 explicatu
259 3438 327 3504 est.
376 3428 515 3535 Vulgus
535 3430 629 3504 enim
645 3430 912 3505 tenacissimum
929 3430 1162 3530 antiquitatis.

57 3559 173 3636 Porro
205 3587 328 3637 omues
359 3562 434 3635 fere
464 3562 658 3662 scriptores
691 3561 838 3651 Graeci,
870 3588 917 3635 ne
947 3561 991 3634 iis
1018 3562 1162 3660 quidem

60 3694 230 3796 exceptis,
257 3694 319 3794 qui
343 3694 486 3768 Atticae
512 3690 678 3767 dictionis
705 3688 868 3790 exempla
892 3690 1079 3781 habentur,
1103 3667 1173 3769 uel.

59 3826 123 3927 qui
146 3837 293 3929 postero
317 3837 480 3927 tempore
510 3821 654 3900 Atticae
680 3823 875 3928 elegantiae
907 3822 1161 3909 studiosissimi

128 4153 154 4222 ‘l
189 4151 232 4208 De
251 4150 385 4209 Zacouum
401 4147 515 4209 dialecto
531 4149 673 4230 peculiaris
689 4158 779 4210 exstat
801 4146 874 4210 Frid.
891 4146 1042 4208 Thierschii
1065 4144 1161 4209 disser-

57 4239 125 4299 tntio
141 4238 216 4298 lectu
232 4238 395 4315 dignissima.
417 4236 493 4319 ¹Vid.
511 4236 662 4301 comment.
679 4238 762 4301 Acad.
774 4238 883 4300 :Monac
900 4257 959 4300 ann.
978 4239 1056 4297 1832.

784 4349 864 4418 *m
