2700 4672
198 165 342 238 82⁴

198 359 324 426 soondit
351 377 372 423 a
401 357 496 421 verbo
521 345 628 435 σιίρια
655 354 677 416 i.
705 374 732 417 e.
757 342 845 431 ούρω
872 350 957 435 apud
984 351 1143 431 antiquos.
1190 350 1305 430 Neque

198 496 309 548 tamen
329 479 428 566 plane
449 477 637 562 aequiparat
657 475 819 538 recentior
839 473 939 535 dictio
954 483 1104 551 veteram,
1125 473 1183 536 seri
1196 463 1305 554 oripw

198 607 236 671 in
257 603 386 690 passivo
407 601 506 663 etiarn
528 617 565 660 se
587 593 750 660 trahendi
770 616 810 660 aa
831 591 973 679 rependi
992 615 1123 658 sensum
1138 593 1244 659 habet.
1260 631 1305 643 -

128 730 133 740 '
197 713 372 804 παοῦμενα
392 721 444 784 vel
464 709 626 798 πετόμενα
646 731 722 783 sunt
743 713 907 782 volucria.
952 717 1119 780 Posterior
1140 720 1244 781 forma
1259 717 1305 780 le-

198 849 288 931 gitur
308 842 393 930 apud
414 841 652 905 Damaseenuur
675 837 840 904 studitam
860 840 897 902 in
919 835 1040 924 Μερικῆ
1061 826 1244 919 mposisse
1266 832 1305 898 ἐκ

197 965 259 1030 τῶν
275 960 420 1041 παλαιῶν
431 952 614 1039 φιλοσόφοη)
629 952 697 1042 περὶ
708 952 833 1041 φύσεως
846 949 904 1020 καὶ
915 951 1091 1040 ἰδιωμάτων
1107 958 1199 1020 τινῶν
1215 951 1306 1033 §tim

198 1087 370 1168 (Veneriis
390 1081 633 1163 1681111111)
655 1104 729 1169 pag.
753 1084 782 1147 1.
827 1084 924 1147 Patet
932 1095 1050 1164 autem,
1073 1085 1109 1146 in
1129 1074 1307 1163 πατούμενα
1331 1161 1336 1168 .

198 1210 364 1292 vulgarem
377 1172 638 1293 depravationem
652 1208 751 1270 errari
784 1206 832 1272 Cf.
847 1206 954 1270 adnot
972 1205 1014 1268 ad
1031 1205 1154 1288 dialogi
1170 1227 1254 1268 vers.
1271 1206 1304 1269 1.

197 1332 319 1397 Notum
336 1323 930 1413 ι1111111111111ἰί11111111111εαῒισξ1αιμτο
952 1318 1121 1406 πέτεσῇαα
1143 1329 1304 1391 recentio-
1333 1350 1338 1355 ·

198 1472 252 1519 rea
273 1451 373 1515 etiam
394 1448 501 1513 activo
522 1446 601 1508 πετῶ
622 1461 763 1515 utuntur.
787 1483 831 1496 -

326 1569 368 1633 V.
390 1568 444 1636 99.
489 1591 523 1629 aa
543 1559 635 1630 ὦσὰν
656 1571 678 1633 i.
701 1593 728 1633 e.
751 1559 808 1630 mi
839 1556 939 1631 ὦσάν.
982 1569 1034 1633 Do
1055 1561 1147 1630 ὦσαν
1167 1570 1237 1633 dixi
1259 1572 1304 1634 ad

197 1713 280 1758 vers.
304 1690 358 1756 12.
386 1726 431 1739 -
467 1653 626 1796 11111ρῖ1μρ
641 1690 817 1775 vulgariter
838 1711 897 1776 pro
919 1682 1086 1770 παροιμία.
1123 1726 1166 1738 -
1200 1681 1304 1762 {aanor

196 1815 355 1880 novitium
370 1812 567 1894 vocabulum,
583 1835 625 1877 ex
646 1803 725 1873 σκιά
745 1814 917 1884 formatum
938 1815 1029 1895 eujus
1044 1812 1191 1900 exempla
1206 1834 1302 1896 quae

197 1936 272 2000 daur
299 1957 318 1999 e
346 1934 573 2000 vetustioribus
599 1936 809 2023 scriptoribus
837 1934 938 1996 citata
964 1934 1036 1997 vide
1072 1953 1123 2022 ap.
1150 1933 1300 2020 Dueang.

196 2056 290 2144 Tum.
312 2056 330 2120 Ι
350 2076 423 2143 pag.
445 2054 521 2120 522.

327 2176 370 2239 V.
396 2175 469 2242 100.
512 2169 631 2257 σκληρή
651 2195 710 2263 per
732 2176 909 2240 Ionismurn
929 2195 990 2263 pro
1011 2155 1136 2258 σκληρά
1155 2199 1197 2244 ex
1210 2179 1301 2264 vulgi

196 2299 443 2380 consuetudine,
470 2299 510 2362 de
537 2318 599 2379 qua
626 2297 751 2360 loeutus
779 2318 850 2360 sum
877 2317 976 2385 supra
1004 2299 1046 2375 ad
1072 2320 1152 2364 vars.
1174 2297 1230 2365 48.
1252 2335 1299 2349 -

195 2412 312 2493 δείχνω
334 2420 466 2485 infimae
488 2419 675 2503 graecitatis
696 2431 747 2482 est
768 2440 828 2506 pro
855 2413 975 2484 vetere'
990 2412 1133 2502 δείκνυμι
1152 2421 1210 2486 'vel
1236 2423 1297 2482 δει.

193 2530 288 2602 κνῦω.
331 2541 451 2607 Differt
468 2552 578 2604 tamen
598 2541 635 2603 in
656 2561 695 2602 eo
716 2539 779 2603 hoe
800 2560 918 2606 novum
940 2543 1126 2609 vocabulum
1147 2546 1188 2608 ab
1210 2547 1298 2609 anti·

194 2664 266 2745 quis
287 2663 366 2739 illis,
389 2663 473 2746 quod
494 2682 561 2726 non
582 2662 677 2726 modo
698 2662 918 2746 transitivum,
941 2667 998 2730 sed
1019 2669 1115 2729 etiam
1142 2667 1296 2730 intransi-

124 2866 128 2876 .
193 2784 294 2848 tivum
316 2788 396 2849 est.
422 2787 528 2862 Quum
550 2785 791 2848 intransitivum
812 2796 878 2868 est,
900 2789 983 2853 verti
1011 2787 1104 2851 debet
1128 2806 1165 2851 se
1184 2796 1296 2851 osten.

192 2901 285 2982 dere,
306 2923 491 3005 apparere,
511 2900 633 2980 uideri,
660 2905 854 2973 velutinfra
875 2929 957 2973 vers.
980 2906 1075 2980 200,
1103 2909 1155 2973 De
1181 2909 1295 2973 analo·

189 3013 248 3109 'gia
268 3025 366 3110 hujus
388 3025 476 3088 verbi
500 3027 537 3088 os.
561 3040 729 3112 praeterea
750 3033 824 3096 adn.
847 3032 889 3096 ad
910 3052 939 3095 v.
962 3027 1037 3096 372.
1060 3064 1104 3076 —
1124 3016 1211 3098 adrat
1224 3027 1293 3110 ali·

190 3144 281 3231 quis‚
305 3165 415 3210 rarum
436 3146 579 3230 vulgaris
600 3150 730 3234 linguas
757 3172 951 3241 pronomen,
979 3162 1085 3216 ortum
1105 3171 1148 3218 ex
1167 3135 1232 3210 κόἶν
1253 3163 1289 3216 et

188 3284 240 3336 ας.
273 3263 391 3336 Simile
406 3269 587 3356 exemplum
602 3272 723 3357 allegat
739 3276 859 3340 Coraes
872 3267 930 3334 ’Aa
952 3273 988 3336 II
1008 3293 1040 3357 p.
1062 3269 1138 3336 310.

320 3386 362 3450 V.
391 3387 461 3453 102.
503 3385 648 3473 κραμπιᾶ
667 3395 804 3482 pluralis
824 3393 966 3457 nominis
986 3380 1105 3470 κραμκὶ
1119 3387 1169 3453 vel
1185 3409 1290 3471 κραμ·

186 3498 268 3586 otios,
291 3528 353 3591 quo
374 3510 516 3595 vulgaris
537 3478 652 3599 lingua
670 3535 729 3602 pro
750 3502 878 3593 κράμβη
899 3506 1096 3592 (brassica)
1112 3530 1209 3597 saepe
1223 3514 1289 3576 uti-

185 3640 248 3700 tur·
269 3664 312 3678 -
332 3620 449 3710 ραπᾶνι
470 3634 521 3698 vel
541 3625 695 3714 ὁαπάνιον
719 3632 770 3697 vel
790 3621 931 3712 ῥάπανον
957 3632 1009 3698 vel
1029 3625 1288 3715 deniqueffliaua.

183 3742 269 3828 νίδα,
289 3744 310 3828 ἡ
331 3750 427 3817 hodie
448 3755 637 3843 appellatur,
661 3755 744 3837 quod
765 3757 906 3838 antiquis
928 3757 989 3819 suit
1010 3745 1136 3834 ραφάνη
1158 3754 1209 3819 vel
1230 3748 1286 3836 ῥα.

183 3864 278 3946 paula
299 3873 350 3938 vel
370 3868 515 3956 ῥάφανος,
531 3870 719 3961 raphanus.
769 3876 901 3944 Videsiv
928 3877 1078 3962 Durang.
1108 3877 1213 3944 Gloss.
1241 3898 1287 3943 m.

182 4002 215 4056 et
236 3995 291 4067 iot
314 3996 371 4065 Gr.
394 4000 486 4064 Tora.
506 3997 542 4060 Π
563 4017 635 4083 pag.
659 3995 754 4064 1283.

309 4116 353 4180 V.
379 4117 450 4184 103.
494 4105 715 4186 αὐεάυαεωιι
734 4097 1081 4210 syllabaparagogioa,
1103 4142 1200 4206 quam
1215 4122 1284 4190 vul-
