2700 4672
1189 222 1236 296 55

169 469 171 472 ,
260 395 304 466 V.
318 399 380 471 ’37.
426 398 619 487 (1999991999
653 407 828 493 vulgariter
853 427 912 499 pru
941 406 1111 496 decepisse,
1144 421 1233 503 eujus

128 524 200 589 loco
222 538 344 592 veteres
367 527 519 613 adhihere
541 529 648 593 solent
670 523 863 613 ἀπεκρίνατο.
908 533 993 599 Vide
1023 556 1104 619 quae
1127 540 1232 604 obser-

127 649 270 714 vavimus
292 650 435 715 advers.
460 649 512 715 31.
536 662 570 716 et
590 652 688 738 paulo
710 655 857 740 superius
884 656 1027 723 advers.
1053 658 1104 723 11.
1146 661 1232 727 ’099-

126 781 230 835 terum
258 784 395 853 constat‚
421 777 493 857 Jam
519 773 744 857 Phrynichum
772 777 970 863 vituperasse
1002 773 1158 864 ἀπεκρίθη
1190 786 1245 850 co'

126 913 223 959 sensu
244 897 396 982 positum,
419 914 481 977 quo
505 896 674 961 dicendum
696 910 767 963 erat
788 891 984 981 ἀπεκρίνατο.

258 1016 300 1079 V.
324 1015 377 1082 38.
422 1014 516 1094 ζητᾷς
537 1020 559 1082 1.
583 1042 611 1082 9.
634 1021 738 1096 ζητεῖς.
781 1020 912 1085 Etenim
928 1021 1068 1108 plurima
1084 1028 1181 1091 verba
1194 1029 1231 1093 in

125 1160 166 1196 εω
188 1140 273 1225 apud
294 1151 417 1204 veteres
439 1121 621 1206 desinentia
647 1143 683 1205 in
711 1142 839 1227 vulgari
861 1161 1009 1208 sermone
1031 1148 1229 1213 terminatio·

124 1280 199 1325 nem
221 1264 462 1350 concerptam,
486 1264 533 1328 ita
554 1274 680 1346 tamen,
707 1275 744 1328 ut
764 1285 919 1352 persaepe
946 1266 1050 1330 altera
1076 1270 1229 1336 termino-

123 1384 170 1446 tio
193 1403 292 1467 aeque
314 1385 434 1448 usitata
455 1387 509 1449 sit.
559 1386 664 1469 Hujus
694 1389 823 1470 generis
850 1398 900 1451 est
929 1389 1012 1470 quod
1038 1390 1125 1455 inira
1146 1411 1227 1456 vers.

127 1501 200 1570 101.
223 1504 343 1590 legitur
363 1504 532 1568 xurotxdo‘re
553 1517 585 1570 et
606 1527 688 1571 vers.
711 1507 764 1572 97.
787 1505 938 1587 φοβᾶσαι.

255 1627 298 1690 V.
322 1626 474 1693 39-10.
520 1629 560 1693 In
582 1629 635 1693 his
658 1630 778 1694 duobus
800 1631 943 1695 versibus
957 1631 1066 1696 Zenus
1086 1644 1229 1701 veterum

123 1749 304 1835 exemplum
326 1751 388 1814 sihi
409 1751 601 1816 imitandum
623 1754 761 1839 sumpsit
783 1753 911 1817 Dativis
933 1764 1037 1834 utens,
1061 1775 1081 1818 a
1104 1757 1227 1838 quibus,

123 1874 154 1936 si
176 1893 196 1936 9
218 1873 329 1958 paucis
351 1872 538 1955 quibusdam
560 1875 714 1957 loquendi
742 1875 906 1951 formulis,
934 1875 1020 1941 velut
1047 1874 1113 1953 θεῷ
1138 1866 1227 1956 δόξα,
1317 1878 1323 1885 ”

123 1989 159 2053 e'o
182 1981 217 2075 ᾧ,
240 1985 313 2076 πρὸς
335 1985 452 2068 rodiam
479 1998 616 2090 aliisque
644 2000 832 2080 recesseris,
855 2018 974 2084 magno
1002 2019 1075 2064 cum
1096 1999 1228 2085 linguae

123 2117 314 2182 detrimento
336 2118 432 2205 plane
454 2141 490 2183 sc
511 2121 675 2184 abstinent
697 2122 902 2185 recentiores.

255 2239 298 2302 V.
322 2237 374 2306 11.
418 2227 461 2300 dv
489 2235 585 2323 θέλῃς
606 2244 628 2306 i.
652 2263 681 2305 9.
705 2238 732 2300 εἶ
754 2235 866 2312 badam.
917 2243 1004 2306 Nam
1030 2245 1228 2332 recentiores

122 2363 270 2446 neglecto
297 2363 500 2443 discrimine,
529 2364 613 2445 quod
638 2374 762 2427 veteres
790 2364 877 2428 inter
903 2359 931 2423 εἰ
953 2373 985 2426 et
1007 2354 1159 2429 19119199
1186 2352 1227 2424 do

122 2505 193 2550 esse
215 2485 401 2566 voluerunt,
424 2505 550 2573 semper
578 2501 664 2549 nunc
692 2471 734 2544 do
761 2485 867 2548 dicere
889 2482 1016 2563 solent,
1047 2486 1114 2549 nisi
1144 2487 1228 2567 qnod

121 2608 272 2672 nonnulli
293 2610 470 2673 imitationi
492 2620 633 2673 veterum
656 2608 820 2671 studentes
835 2626 895 2669 usu
912 2616 1112 2690 repugnante
1128 2607 1225 2668 inter-

121 2712 196 2795 dum
218 2727 246 2791 εἰ
267 2731 430 2796 adhihent.
458 2757 502 2778 ⁶-
524 2726 568 2802 εἶς
590 2721 712 2811 &alpinos
734 2731 756 2793 1.
779 2751 807 2792 9.
831 2723 874 2797 cic
896 2717 1046 2806 δύμησιυ.
1096 2726 1227 2789 Dicitur

122 2843 261 2934 ἓύμησις
282 2855 370 2939 vulgi
392 2874 482 2919 more
503 2874 563 2940 pro
587 2842 775 2934 ἕνβΰμησις,
802 2850 886 2932 quod
908 2851 1013 2935 ipsum
1041 2849 1077 2911 in
1103 2847 1227 2934 plehejo

122 2996 270 3041 sermone
297 2977 384 3040 nihil
410 2979 475 3041 nisi
503 2957 684 3051 memoria,
718 2968 915 3039 recordatio
944 2982 1003 3034 est.
1066 2967 1228 3035 Similiter
1273 3042 1290 3063 ..

117 3102 189 3183 jam
222 3101 258 3162 in
293 3097 594 3186 septuagintavirali
626 3100 693 3163 sive
725 3095 953 3162 Alexandrina
979 3094 1097 3156 veteris
1131 3103 1238 3156 testa:

121 3222 225 3284 menti
246 3221 460 3284 translatione
482 3210 620 3299 βῦμημα
641 3239 701 3306 pro
723 3208 894 3297 ἐνθύμημα
914 3214 1043 3300 legitur.

255 3342 297 3405 V.
321 3340 374 3407 13.
417 3335 474 3402 ’noi
495 3361 556 3429 pro
579 3337 661 3403 εἰπῶ.
695 3339 772 3412 Vid.
795 3340 837 3404 ad
858 3359 940 3403 vers.
964 3334 1017 3400 m.
1041 3361 1085 3383 a·
1107 3308 1227 3396 5199999
1327 3376 1331 3386 .

124 3469 148 3531 1.
170 3489 198 3532 9.
221 3451 373 3529 ἄκουσον.
417 3429 494 3529 Vid.
517 3467 604 3530 dicta
627 3464 773 3529 advers.
797 3459 848 3528 18.

256 3589 298 3654 V.
322 3586 374 3653 15.
418 3580 655 3670 μεγαλόψυχου
676 3586 772 3650 metri
795 3602 892 3646 causa
905 3595 965 3667 pro
981 3567 1226 3658 μεγαλσψύχου.

122 3712 210 3776 Vide
239 3731 320 3794 quae
347 3709 487 3773 diximus
516 3710 557 3772 ad
584 3706 706 3788 dialogi
734 3722 813 3768 vers.
838 3702 868 3765 5.
921 3699 1019 3762 Locis
1045 3698 1092 3760 ihi
1120 3697 1228 3760 citatis

122 3855 211 3898 nunc
246 3833 327 3896 addo
360 3853 401 3896 ex
436 3830 604 3914 Anonymi
636 3838 751 3916 poetae
787 3823 937 3912 opusculo
971 3821 1011 3884 de
1045 3816 1229 3884 Alexandri

100 3953 238 4049 'Magni
266 3956 359 4018 rebus
387 3955 487 4038 gestis
521 3952 673 4017 Venetiis
703 3945 788 4014 1791
823 3947 910 4032 typis
945 3962 1061 4007 excuso
1092 3959 1167 4027 pag.
1194 3936 1227 4001 lt

212 4068 311 4156 Σοφία
337 4072 398 4135 τῶν
424 4063 596 4156 Αἰγύπτιων
616 4059 690 4149 dion
711 4059 813 4133 πολλὰ
833 4059 969 4149 depluunt

210 4190 266 4262 cdv
287 4190 423 4282 οὐρανὸν
444 4189 641 4280 ἀρίβμησαν,
663 4184 720 4257 καὶ
741 4188 764 4255 e'
790 4179 893 4272 (19999
915 4176 1099 4270 19999ρῆ9913,

949 4309 970 4374 5
