2700 4672
264 1305 671 1416 Commentarius
708 1315 759 1414 in
795 1309 1079 1460 Dialogum.

603 1541 728 1552 ——1-

253 1665 295 1726 V.
321 1665 349 1729 1.
378 1656 421 1725 vot
440 1659 517 1738 ’χεις
538 1687 598 1753 pro
621 1660 663 1726 eol
686 1655 775 1741 ἔχεις.
826 1664 943 1730 Solent
971 1667 1088 1734 Graeci
1114 1689 1223 1756 reeen-

121 1790 220 1850 tiores
242 1808 309 1851 non
330 1788 435 1851 solum
456 1788 633 1874 particulas
660 1801 693 1852 et
718 1791 910 1875 pronomina
940 1792 1110 1873 quaedam,
1139 1794 1223 1857 sicut

121 1923 259 1988 veteres,
288 1911 344 1974 sed
370 1912 469 1974 etiam
497 1913 592 1974 verba
620 1912 667 1973 ita
694 1912 906 1976 inclinatione
928 1914 1130 1979 antecedenti
1151 1917 1222 1979 voci

120 2045 308 2113 annectere,
331 2044 367 2096 ut
390 2055 408 2096 e
430 2034 551 2095 duabus
573 2034 718 2112 vocibus,
741 2035 816 2098 licet
837 2057 934 2099 sensu
957 2038 1091 2101 diversis
1113 2058 1152 2100 ae
1173 2059 1221 2100 se·

114 2158 253 2240 junctis,
280 2156 548 2241 pronunciatione
575 2165 683 2218 tamen
711 2176 775 2220 una
803 2159 947 2221 exsistat.
1003 2163 1076 2235 Quo
1103 2159 1157 2240 fit,
1186 2170 1223 2223 ut

120 2279 263 2364 imperiti
297 2276 424 2340 librarii
457 2297 686 2361 saepenumero
719 2280 782 2341 duo
817 2280 970 2342 voeabula
1009 2280 1221 2344 inclinatione

121 2420 267 2463 connexa
296 2399 492 2481 conjunctim
520 2383 733 2462 exoraverint.
790 2400 900 2480 Itaque
929 2413 962 2463 et
990 2400 1052 2464 boc
1079 2401 1150 2464 loco
1172 2403 1222 2466 in·

120 2522 212 2584 docte
239 2541 260 2583 a
287 2512 446 2601 librariis,
475 2541 552 2601 quos
579 2523 705 2606 priores
734 2522 872 2585 editores
899 2525 1001 2586 secuti
1028 2534 1121 2603 sunt,
1143 2525 1222 2587 seri-

59 2686 60 2697 .
118 2655 209 2730 ptum
238 2654 287 2706 est
314 2631 441 2717 νάχεις,
470 2653 502 2704 et
530 2663 627 2706 versu
644 2619 709 2706 Ι11.
733 2643 828 2726 hujus
851 2643 973 2726 dialogi
994 2639 1074 2702 πέτω
1095 2667 1154 2731 pro
1174 2632 1227 2702 ’πέ
1327 2715 1336 2727 .

118 2783 163 2840 ro,
184 2785 280 2850 porro
303 2784 399 2828 versu
424 2763 475 2828 12.
498 2752 612 2843 τὸβαλε
633 2787 692 2850 pro
714 2754 748 2824 τό
769 2757 874 2844 ’pota
902 2777 934 2828 et
956 2767 991 2829 iu
1014 2768 1085 2851 ipsa
1106 2767 1222 2829 Batra-

120 2886 402 2969 elromyomachiao
431 2885 625 2973 paraphrasi
657 2887 760 2950 multa
790 2885 885 2970 hujus
918 2889 1046 2970 generis
1074 2889 1222 2975 exempla

120 3020 260 3088 exstant,
283 2995 372 3090 quae
385 2997 566 3072 in'eriticis
589 3010 850 3074 adnotationibus
872 3012 1124 3095 perscripsimus.
1159 3011 1222 3074 Im-

120 3132 234 3216 primis
261 3142 368 3193 autem
396 3132 561 3193 mentione
589 3132 689 3213 digna
716 3144 767 3195 est
797 3132 930 3194 licentia
957 3144 1124 3218 poetarum
1146 3133 1222 3195 inde

119 3274 140 3316 a
162 3251 458 3336 Ptechoprodromo
479 3271 577 3331 usque
599 3253 641 3315 ad
662 3266 807 3316 nostram
828 3254 894 3317 fere
916 3267 1065 3335 aetatem,
1087 3274 1150 3336 qua
1170 3253 1221 3316 illi

119 3377 156 3439 in
179 3375 373 3437 carminibus
402 3373 528 3456 vulgari
550 3395 696 3439 sermone
725 3378 908 3462 compositis
937 3381 1032 3440 verba
1059 3376 1220 3458 monosyl-

119 3497 209 3577 taba,
238 3497 288 3559 vel
321 3497 498 3578 dissyllaba
520 3499 587 3560 sive
610 3499 739 3581 integra
760 3509 847 3576 sunt,
870 3500 936 3560 sive
960 3497 1130 3582 aphaeresi
1151 3499 1220 3560 bre-

119 3621 215 3698 viata,
229 3629 325 3704 prout
336 3638 444 3709 versus
455 3618 606 3702 postulat,
626 3621 782 3679 invocem
804 3636 1026 3701 praegressum
1049 3617 1218 3680 inclinant.

119 3741 171 3804 Ab
180 3740 241 3802 hac
252 3741 385 3803 licentia
397 3739 511 3820 vulgus
524 3741 620 3801 etiam
633 3740 668 3800 in
678 3738 907 3818 loquendonon
912 3740 1007 3824 plane
1015 3739 1155 3802 alienum
1161 3751 1220 3820 est,

119 3881 309 3944 quamquam
331 3882 397 3924 non
419 3863 588 3924 admodum
611 3861 711 3923 multa
733 3872 809 3922 sunt
832 3862 936 3939 verba,
959 3882 1039 3942 quae
1062 3860 1157 3924 hodie
1175 3863 1221 3924 ita

118 3995 267 4068 usurpat,
296 3982 381 4045 velut
400 3977 507 4052 ’δωκες
528 4004 587 4068 pro
611 3972 723 4051 ἕδωκες
745 4003 772 4046 v.
796 4004 826 4061 ο.Ι
849 3980 914 4061 prod
940 3972 976 4042 rd
1003 3977 1112 4053 ’δωκες
1138 3980 1221 4046 criti

119 4102 183 4169 boc
198 4102 331 4168 dedisti.
376 4104 427 4167 Ex
441 4102 737 4189 Ptoehoprodromo
759 4107 807 4166 rei
829 4081 1006 4169 firmandae
1030 4123 1124 4170 eausa
1141 4105 1221 4170 haee

114 4232 207 4310 juvat
235 4229 381 4312 exempla
405 4228 564 4310 allegare.
626 4224 697 4288 Lib.
722 4225 875 4292 1.v.63.
903 4227 1020 4312 legitur
1048 4218 1142 4297 αὐτὸς
1170 4250 1219 4307 pt.
