2700 4672
174 385 217 451 Et
238 385 364 469 quando
385 386 534 451 venerint
555 403 672 469 mures,
694 389 861 456 nobiscum
883 372 1118 479 belligeratum,

109 566 112 575 ,
175 520 222 582 eis
244 520 440 600 resistemus,
462 529 498 584 ut
519 521 600 584 bene
618 538 681 584 nos
704 503 851 606 cognitas
873 522 1023 591 habeant.

174 651 227 716 Ac
242 667 352 738 spero,
374 671 435 715 nos
457 652 610 732 facturas,
631 662 668 716 ut
688 652 838 740 paludem
858 657 1092 743 ingrediantur,

173 795 205 847 et
227 784 318 865 inibi,
340 783 481 870 pessimi
495 783 648 865 omniurn,
671 785 778 849 cuncti
799 772 1009 870 sulfoeentnr3

173 926 251 979 tune
272 917 354 977 festo
378 913 608 979 celebrabimus
630 913 685 979 bie
704 930 779 980 'cum
800 917 927 984 laetitia

173 1047 311 1110 murium
334 1046 512 1126 interitum,
532 1056 568 1109 et
585 1028 775 1112 'babebimus
795 1030 920 1135 [racem.

172 1176 297 1240 Exinde
320 1173 374 1240 bic
395 1177 492 1241 desiit
513 1176 626 1261 (lari),
649 1190 844 1262 cunctaeque
864 1180 897 1245 ei
918 1179 1149 1266 auscultarunt,

172 1329 207 1372 se
230 1328 355 1371 armare
379 1319 552 1394 coeperunt
573 1307 693 1391 herbis,
713 1312 835 1392 quitus
850 1311 1007 1377 victitent.

172 1438 322 1502 Rumlcis
344 1439 423 1503 solia
443 1439 645 1520 invenerunt,
668 1450 701 1503 et
722 1415 897 1506 induerunt
916 1444 1025 1530 pedes,

173 1569 375 1633 cochlearum
397 1580 498 1634 testas
519 1580 695 1658 posuerunt
716 1572 753 1636 in
775 1573 943 1660 capitibus,
1021 1560 1023 1564 ὗ

171 1722 214 1765 ex
234 1702 317 1765 betis
339 1703 459 1764 teneris
482 1701 585 1764 secere
607 1699 766 1784 thoraces,
878 1709 884 1714 ”
959 1707 960 1710 ’

172 1843 206 1896 et
224 1833 262 1896 de
280 1832 429 1915 aquatico
448 1832 522 1918 apio
533 1843 710 1918 posuerunt
722 1834 851 1920 (partes
865 1834 1041 1918 quasdam)
1058 1852 1117 1923 pro
1126 1838 1272 1903 manicis.

85 2037 91 2045 ,
172 1964 397 2028 Brassiearum
419 1959 498 2026 lolia
519 1976 699 2046 secuerunt,
723 1975 758 2028 et
777 1966 881 2030 iecere
902 1978 1005 2049 scuta,

173 2117 212 2159 ac
228 2099 346 2178 juncos
368 2103 481 2159 acutos
503 2092 682 2159 habueras
702 2112 762 2182 pro
782 2094 896 2161 bustis.

173 2228 348 2309 Postquam
369 2247 405 2290 se
427 2203 604 2307 armarunt,
627 2236 785 2291 steterunt
806 2228 844 2292 in
865 2211 967 2310 (suo)
989 2228 1071 2312 loco,

174 2355 285 2420 hastas
307 2356 478 2420 vibrabant
499 2355 570 2419 sine
592 2355 660 2420 ullo
683 2343 825 2441 nogotio.

174 2489 230 2552 Ira
252 2486 376 2574 repleta
398 2496 447 2551 est
468 2506 676 2569 unaquaeque
696 2497 730 2552 et
751 2488 866 2551 robore
889 2507 945 2550 cor
967 2508 1092 2569 earum3

89 2688 92 2690 ,
174 2619 398 2699 ascendebant,
410 2618 648 2681 descendebant
663 2627 696 2680 et
712 2618 933 2682 fortitudinem
952 2639 1043 2682 suam
1059 2621 1275 2686 ostendebant

173 2752 263 2816 llaec
284 2750 429 2838 luppiter
452 2750 602 2812 cernebat
623 2759 656 2812 et
676 2747 815 2814 babebat
835 2737 989 2834 magnum
1009 2752 1176 2836 gaudinm3

175 2884 211 2947 in
235 2882 324 2947 coelo
345 2882 476 2946 sedebat
498 2892 531 2944 et
551 2881 630 2945 deos
652 2881 837 2945 aduocabat.

175 3013 294 3077 Videte
315 3013 442 3094 (inquit
462 3013 531 3094 eis)
552 3015 633 3078 bene
655 3013 892 3078 maeltitudinem
914 3026 1102 3078 armorum.'

176 3143 282 3208 Hodie
304 3142 362 3205 fiet
382 3130 643 3229 prolusio'multi
664 3145 844 3226 sanguinis,

178 3277 253 3357 quia
275 3274 366 3338 video
388 3252 506 3353 ranas,
520 3283 553 3336 et
574 3284 650 3337 sunt
670 3276 893 3354 exacerbatam,

177 3408 281 3493 instar
306 3406 476 3490 gigantum
497 3389 725 3486 vociferantur,
748 3407 803 3489 qui
825 3389 918 3470 erant
939 3408 1073 3471 efferati.

178 3539 229 3604 Ex
250 3538 354 3602 altera
375 3549 467 3624 parte
489 3557 585 3600 cerno
608 3539 746 3600 murium
769 3540 879 3623 copias

180 3669 336 3752 quomodo
358 3669 490 3731 veniant
516 3668 667 3730 adversus
697 3665 772 3727 illas
795 3684 866 3728 cum
888 3665 988 3729 ermis
1009 3647 1129 3730 circum
1150 3680 1280 3755 pectora

181 3800 250 3863 irae
272 3811 305 3863 et
326 3801 443 3863 luroris
465 3798 564 3885 pleni,
587 3798 670 3861 sicut
691 3796 752 3860 leri
773 3798 870 3875 tauri,

182 3941 239 3994 aut
261 3928 343 3991 aliae
364 3929 536 3999 validiores
559 3941 591 3993 et
612 3932 761 3994 robustae
784 3927 916 3991 belluae.

182 4035 338 4127 Attamen
361 4078 478 4140 quaero
500 4080 542 4122 ex
562 4062 664 4139 vobis,
688 4061 744 4139 dii,
768 4071 801 4122 et
823 4060 921 4125 dicite
942 4080 1067 4124 verum:

186 4194 308 4270 Quibus
331 4190 438 4272 etqui
460 4172 567 4256 velitis
589 4190 662 4288 fieri
684 4190 864 4275 adjutorest
