2700 4672
88 475 183 547 atque
205 463 242 527 iu
261 461 392 546 tugurio
415 479 466 525 mc
487 458 597 539 edidit,
620 455 708 522 haud
729 478 802 524 cum
824 473 930 546 parvo
945 462 1072 544 labore3

89 608 124 660 et
145 595 277 659 cibariis
298 614 351 656 me
373 593 528 673 educavit,
551 612 632 675 quae
654 603 730 658 sunt
751 591 927 676 homiuum,

90 727 174 808 ficis,
190 724 409 813 juglandilms,
432 736 466 788 et
486 723 654 804 avellauis,

90 879 151 922 uec
172 878 241 922 non
263 857 358 927 bonis
379 855 572 939 amygdalis,
596 855 664 918 illis
687 857 873 938 exquisitis3

92 1009 182 1056 nunc
204 1008 327 1071 quoquc
349 986 425 1051 aliis
446 987 571 1057 abunde
594 986 713 1072 impleo
736 1001 880 1055 ventrem
901 997 1016 1053 meum.

94 1120 261 1198 Quomodo
284 1140 360 1183 vero
383 1130 429 1198 tu,
442 1116 688 1201 -Physignathe,
712 1115 831 1182 habeas
855 1122 1033 1185 amicitiam
1055 1143 1173 1204 meatu,

93 1273 165 1315 cum
186 1264 253 1323 nou
270 1260 573 1336 congruatnatura
592 1262 706 1318 nostra
728 1240 795 1314 ullo
817 1252 931 1317 modot
992 1293 993 1297 =

93 1385 189 1448 Meus
209 1385 313 1448 victus
334 1381 453 1453 similia
474 1391 524 1444 est
544 1381 643 1454 victui
662 1379 839 1454 homiuum.

95 1518 146 1584 Tu
167 1513 436 1602 aquamffliucolis,
458 1512 559 1583 etibi
581 1524 630 1578 est
646 1513 717 1587 ,vita
739 1525 805 1595 tua,

96 1669 137 1713 cx
159 1665 261 1729 aquae
284 1644 454 1742 herbisfit
475 1643 665 1708 alimonium
685 1655 784 1713 tuum.

96 1779 177 1863 Ego,
200 1797 404 1861 quaecunque
425 1777 632 1841 inveniuntur
654 1775 691 1839 in
712 1775 856 1846 domibus
879 1776 1055 1859 hominum,

98 1910 210 1975 dehis
233 1912 378 1974 omuibus
401 1909 533 1974 comedo
554 1908 693 1974 fidenter
714 1909 787 1972 sinc
808 1909 875 1974 ullo
897 1912 1039 1996 negotio.

98 2044 175 2106 Nou
196 2051 247 2107 me
269 2042 349 2104 latet
369 2042 464 2128 panis
486 2044 568 2107 bene
591 2034 813 2120 fermentatus,
850 2026 857 2037 ’

100 2176 171 2241 Nec
193 2171 363 2261 pulchrum
385 2171 495 2252 libum,
518 2171 660 2243 admixto
682 2172 778 2237 melle
800 2173 931 2253 tactum,

100 2310 268 2372 necbonae
274 2304 441 2391 placentae
453 2325 494 2367 cx
506 2304 575 2368 ovis
586 2308 789 2389 compositae,
803 2305 965 2388 multoque
977 2313 1101 2372 sesamo
1109 2327 1202 2393 para-

101 2459 162 2502 neo
184 2437 245 2504 illa
266 2436 340 2500 alba
363 2434 514 2516 (sitista),
538 2454 619 2516 quac
640 2448 717 2498 suut
737 2437 892 2504 saccharo
915 2441 1056 2520 condita,
1119 2436 1204 2524 [tac,

101 2591 203 2653 neque
224 2588 336 2634 recens
359 2567 547 2651 coagulatus
569 2587 690 2647 caseus,
713 2586 805 2646 quem
826 2571 948 2637 iaciunt
970 2595 989 2636 e
1011 2571 1105 2652 lacte,

102 2723 162 2767 nec
183 2702 340 2767 Laconici
362 2701 450 2769 casei
474 2698 605 2762 delicati
627 2709 660 2761 ct
682 2696 769 2761 casei
790 2696 860 2760 alii.

104 2835 180 2900 Non
200 2856 252 2898 mc
274 2834 353 2898 latet
374 2831 581 2897 bellariorum
603 2851 715 2914 genus,
739 2828 822 2910 quod
845 2846 956 2896 omnes
976 2847 1141 2920 appetunt,

105 2977 138 3028 et
160 2966 290 3038 coelites
305 2984 434 3046 ¹quoquc
457 2982 568 3027 omnes
591 2962 780 3040 disiderant,
827 3030 831 3037 ι
889 3018 891 3023 ,

106 3116 209 3178 neque
232 3095 308 3173 alia,
330 3114 534 3175 quaecunque
557 3093 664 3159 edulia
686 3093 803 3174 (sunt),
818 3112 899 3174 quae
915 3105 1053 3175 coquunt
1076 3095 1112 3159 in
1134 3099 1207 3163 ollis

109 3228 188 3307 coci,
211 3227 265 3307 qui
287 3224 428 3305 (artem)
450 3225 559 3286 sciunt
580 3235 757 3308 parentque
778 3223 838 3288 illa
860 3224 985 3306 melius,

109 3372 141 3424 et
163 3361 198 3421 in
221 3358 263 3420 iis
285 3366 409 3442 ponunt
432 3356 570 3441 optimos
593 3357 717 3435 odores,

110 3510 187 3571 quos
209 3488 347 3559 afferunt
368 3509 410 3553 ex
431 3487 536 3568 India,
559 3498 591 3550 ct
613 3487 736 3551 iaciunt
758 3486 980 3554 condimentis.

109 3620 179 3703 Ego
201 3619 334 3706 praeliis
356 3620 504 3698 interlui3
527 3617 613 3685 haud
635 3618 704 3700 lugi
726 3636 867 3698 uuquam

110 3762 257 3831 mortem,
279 3769 360 3832 quae
382 3751 522 3827 timetur,
545 3769 587 3815 ne
610 3751 717 3815 veniat
738 3772 756 3812 e
779 3747 872 3813 bello.
959 3810 981 3827 ,

111 3882 155 3946 Et
179 3900 257 3964 opus
279 3880 369 3958 (moa
392 3881 507 3966 opera)
529 3882 559 3944 si
581 3893 632 3944 est
653 3883 789 3967 uspiam,
812 3901 878 3943 non
902 3901 939 3942 eo
963 3879 1004 3942 ad
1025 3883 1201 3962 scutellam,

85 4011 170 4075 ‘sed
191 4009 258 4072 illis
279 4009 477 4090 immissam,
500 4013 555 4092 qui
577 4023 652 4076 sunt
673 4014 709 4074 iu
731 4013 834 4097 primo
856 4012 1070 4098 pugnantium
1091 4016 1213 4078 ordine.

114 4142 220 4221 Atque
242 4152 278 4203 ut
300 4129 360 4203 tibi
381 4139 485 4208 dicam
506 4129 613 4226 ulma:
636 4139 800 4205 hominem
821 4162 888 4207 non
910 4155 1027 4223 metuo,

115 4269 306 4358 hocverum
328 4283 387 4355 est,
410 4291 471 4338 nec
492 4273 525 4337 id
547 4285 655 4338 tameo
676 4270 809 4356 glorior.
