2700 4672
1066 221 1159 322 ⁴111

55 422 178 480 salvem.
225 411 284 512 Sic
303 413 481 499 Procopius
505 410 648 476 Gazaeus
670 412 724 476 lib.
742 411 759 476 1
781 411 911 500 Regum
933 434 1002 502 cap.
1020 412 1062 480 ‘20
1077 407 1163 497 παρὰ

54 528 117 619 μὲν
138 527 268 612 ’Ἕλλησι
297 525 433 615 τάφρου,
460 524 548 615 παρὰ
574 526 611 594 δὲ
635 527 800 615 Ῥωμαίοις
827 528 1005 616 paredros.
1056 540 1162 603 Porro

53 669 177 724 costra
189 654 304 747 fossis
324 654 556 722 circumducta
578 659 628 722 sie
649 659 856 722 nominantur
878 673 972 743 atque
994 662 1073 726 adeo
1093 663 1163 748 ipse

53 778 238 860 exercitus,
261 794 298 844 ut
320 780 430 843 multis
453 781 576 844 mediae
600 783 716 845 aetatis
738 783 932 868 scriptorum
952 784 1033 848 locis
1056 797 1162 849 osten-

54 907 104 969 dit
125 905 315 986 Ducangius
344 903 395 964 Gl.
424 905 515 967 Tem.
538 903 573 968 11
599 926 630 992 p.
656 902 751 996 1692.
802 905 873 972 Hoc
900 905 972 970 loco
998 908 1162 990 signifieat

53 1025 255 1100 exercitum,
277 1023 406 1111 copias.

187 1148 230 1212 V.
253 1147 328 1213 233.
374 1139 521 1230 oiyiprovv
553 1152 576 1213 i.
610 1172 638 1214 e.
676 1139 847 1233 οἷο-γήοωσι.
904 1151 1038 1215 Crusius
1066 1153 1162 1216 verba

54 1262 152 1354 χωρὶς
173 1265 198 1331 ν’
223 1260 389 1353 ἀργῆσουυ
403 1265 519 1344 τίποτες
534 1275 574 1336 ad
594 1273 738 1337 litteram
759 1274 911 1339 reddidit:
934 1271 1062 1362 absque
1084 1295 1161 1338 cun·

55 1394 186 1462 claudo
201 1392 392 1483 quicquam,
403 1392 488 1475 ’quae
510 1397 733 1482 interpretatio
757 1417 798 1459 ne
813 1409 930 1460 teretes
950 1384 1047 1461 aures
1064 1399 1162 1461 olien-

56 1522 160 1600 deret,
182 1541 202 1583 a
224 1538 275 1581 me
297 1519 346 1580 sie
368 1531 493 1582 mutata
515 1531 578 1582 est:
601 1517 674 1582 siae
695 1514 770 1581 nlla
791 1516 1015 1583 cunctatione.
1039 1555 1083 1567 -
1111 1517 1162 1602 ε’β.

54 1641 164 1726 pisae
185 1640 205 1706 3
228 1662 311 1727 pers.
335 1640 378 1727 pl.
403 1661 469 1704 aor.
492 1640 564 1705 Ind.
587 1645 674 1707 verbi
699 1634 846 1723 ε’βγαίνω.
892 1642 941 1706 Cf.
962 1664 1044 1707 vers.
1068 1642 1142 1710 185.

188 1764 231 1826 V.
253 1760 326 1826 234.
373 1758 612 1843 ἕμαζωχξοῆκαν
633 1767 728 1828 metri
760 1786 856 1828 causa
884 1787 943 1852 pro
974 1757 1160 1846 ε’μαζῶχβη-

54 1909 121 1950 sav
143 1890 163 1951 i.
188 1908 215 1950 e.
239 1873 488 1967 ἒμοζῶχξοηοον.
537 1887 613 1952 Vid.
638 1909 718 1971 quae
742 1890 976 1953 observavimus
999 1890 1159 1952 advorss.

54 2011 111 2093 31,
136 2007 197 2074 rer
221 2021 254 2072 et
278 1987 347 2075 rol.

189 2131 231 2196 V.
253 2131 328 2196 235.
374 2121 417 2191 rol
438 2123 585 2213 μάξοουσι
606 2133 783 2217 vulgariter
805 2155 863 2221 pro
891 2123 934 2194 οὰ
953 2123 1096 2216 priserit.
1118 2170 1162 2184 -

56 2250 258 2338 ὀργισὲἧκαν
278 2255 340 2318 vid.
363 2275 444 2318 vers.
468 2253 614 2340 praeced.

187 2376 231 2440 V.
254 2373 329 2440 236.
375 2365 575 2457 ἆποροΰσασι
608 2396 667 2461 pro
702 2368 886 2457 ἀποροῦσαν
919 2379 980 2458 (ci.
1015 2381 1090 2444 adn.
1119 2380 1162 2445 ad

56 2523 85 2567 v.
109 2498 156 2582 9.)
178 2498 199 2566 3
221 2520 304 2585 pers.
327 2498 371 2585 pl.
394 2497 475 2585 lmp.
499 2498 587 2562 verbi
609 2489 725 2577 ἀπορῶ.
775 2498 853 2562 Vid.
881 2519 961 2581 quae
984 2504 1162 2567 observavi·

57 2644 128 2689 mus
151 2624 294 2687 advers.
318 2620 393 2686 210.
417 2655 461 2670 -
484 2616 712 2701 ἕχξορευξοῆκαν
734 2622 772 2683 cl.
795 2642 877 2685 vers.
895 2618 970 2685 234.
999 2621 1047 2687 Eo
1065 2644 1163 2689 sensu

58 2767 120 2831 quo
155 2744 210 2809 hie
231 2746 341 2808 Zenus
363 2766 405 2808 ex
427 2743 617 2807 recentioris
640 2743 771 2826 linguae
800 2745 1031 2808 consuetudine
1057 2746 1162 2830 passi-

57 2891 131 2936 vum
153 2869 271 2956 posuit,
294 2878 417 2931 veteres
439 2868 578 2931 activum
600 2855 766 2947 ἓχδρεῦειν
786 2865 938 2931 adhibere
960 2867 1075 2932 solent.

189 2990 232 3054 V.
255 2989 330 3055 237.
365 2982 1159 3077 ‹pcowarccpdpocmrmcius,legatus,codrcceator.

58 3113 109 3179 Cs-
132 3115 253 3177 observ.
276 3114 317 3176 ad
339 3134 419 3176 vers.
442 3111 506 3177 331
536 3123 569 3176 et
589 3112 737 3197 Ducang.
766 3115 857 3177 Tem.
881 3113 898 3178 I
920 3134 994 3200 pag.
1018 3112 1092 3180 862.
1115 3150 1160 3162 —

10 3306 20 3321 .
56 3223 175 3315 φθάνω
196 3233 337 3321 simplici
360 3230 575 3314 adveniendi,
598 3231 800 3300 occurrendi
828 3248 862 3299 et
883 3234 1078 3324 attingendi
1101 3256 1158 3302 no·

57 3360 146 3424 tione
170 3357 328 3420 citerioris
351 3356 537 3439 graecitatis
559 3367 617 3421 est.
664 3355 724 3422 Sic
738 3361 809 3442 jam
822 3358 1056 3447 Ptochoprodr.
1072 3359 1160 3427 lib.I

56 3501 138 3547 vers.
163 3477 205 3544 13

207 3588 341 3678 ἕφβοσα
362 3594 436 3680 πρὸς
457 3590 491 3660 rei
513 3593 650 3682 rre'lovptoc
671 3596 733 3662 τῶν
752 3591 1013 3681 εὐεργετημάτων.
1033 3637 1078 3650 -

55 3726 108 3792 De
130 3725 261 3787 nomine
280 3711 610 3803 'Epvcocorgooncitoa
638 3742 698 3802 quo
720 3722 864 3786 redditur
892 3721 1061 3814 archetypi
1085 3716 1159 3806 ’Epa

55 3840 250 3929 βασίχοτρος
271 3848 310 3909 cf.
331 3847 406 3909 adn·
429 3845 471 3910 ad
492 3865 572 3909 vers.
597 3843 650 3908 71.

187 3966 263 4033 238.
304 3960 377 4026 ’ποῦ
395 3961 461 4026 ’roe
481 3968 503 4030 i.
527 3989 552 4032 e.
577 3961 658 4027 3ποῦ
675 3948 758 4042 ἦνον.

189 4090 264 4156 239.
287 4081 425 4170 ραβδίί.
447 4111 475 4152 e.
497 4082 638 4169 ῥαβδίον,
659 4079 783 4168 ῥάβδος.
819 4120 864 4140 ι-
897 4085 1075 4172 κρατῶπας
1096 4112 1157 4180 pro

31 4207 252 4298 ’κρατοῦντας
278 4215 302 4284 i.
330 4235 360 4280 e.
386 4207 528 4295 acarde,
548 4222 585 4279 ut
606 4212 893 4281 demonstravimus
914 4214 1058 4282 advers.
1084 4213 1157 4282 106.
