2700 4672
202 210 301 262 xxxu

200 383 322 460 venio:
348 378 442 454 [leri
465 377 518 451 nd
539 403 596 451 mc
618 379 729 466 arcuit,
755 377 851 479 quod
877 380 970 454 idem
995 381 1031 456 in
1051 382 1215 484 epistolis
1233 385 1311 462 Au-

200 515 305 617 gusti,
331 537 422 612 quas
447 537 512 586 sua
540 537 647 584 manu
678 511 823 613 scripsit
852 523 914 588 aut
944 515 1156 608 emendavit,
1181 518 1309 620 depre-

199 643 406 720 benditur.''
454 642 627 720 Similiter
650 643 769 720 Varro
793 643 812 718 Ι
837 655 926 721 rust.
958 651 985 719 l.
1011 649 1176 738 „Rustici
1199 678 1307 727 neam

199 779 366 854 dicebant
394 801 461 877 pro
491 777 589 849 viam
620 785 658 850 et
685 778 819 850 cellam
848 803 915 878 pro
945 780 1109 853 aillam.’'
1162 782 1244 858 Jam
1275 786 1308 860 si

200 912 281 1010 quis
308 918 472 1011 quaerat,
502 909 684 1008 quomodo
720 908 850 984 Gracci
874 915 904 1012 β
928 922 965 987 et
988 944 1014 1015 η
1038 916 1244 1017 usurparint
1268 919 1307 992 in

198 1040 456 1119 transferendis
480 1040 724 1115 Romanorum
749 1042 909 1134 vocibus,
934 1046 1091 1146 reperiet
1115 1074 1179 1124 eos
1202 1055 1233 1148 β
1253 1049 1306 1123 di-

197 1177 297 1251 xisse
321 1173 379 1251 vel
403 1198 468 1274 pro
493 1187 535 1263 v,
574 1174 671 1274 quod
696 1173 789 1248 illius
821 1185 1035 1276 potestatem
1068 1190 1214 1279 aequat,
1244 1182 1304 1258 vel

196 1335 262 1411 pro
281 1307 312 1398 b,
339 1331 411 1407 quo
439 1315 571 1396 carent,
595 1305 666 1380 nisi
692 1307 789 1406 quod
813 1307 908 1381 idem
926 1334 1036 1384 sonus
1054 1312 1166 1386 oritur
1183 1311 1304 1388 littera

195 1471 224 1518 π
248 1437 486 1542 praecedente
510 1468 552 1537 μ.
601 1437 685 1513 Etsi
710 1465 796 1513 vero
821 1439 999 1516 interdum
1022 1442 1076 1516 uti
1096 1443 1228 1520 licebat
1245 1445 1302 1523 bis

196 1574 334 1647 duabus
361 1570 529 1646 consonis
554 1599 628 1669 μπ,
654 1580 772 1645 tamen
800 1572 869 1647 boc
893 1598 965 1648 non
982 1599 1123 1675 semper
1142 1577 1219 1652 lieri
1235 1605 1302 1680 po-

192 1716 296 1782 terat.
344 1703 473 1805 Itaque
499 1702 635 1776 mollire
661 1703 800 1778 litterae
832 1705 853 1779 b
885 1705 1050 1780 duritiem
1082 1707 1150 1782 alio
1182 1735 1300 1810 eoque

194 1837 299 1915 simili
325 1860 415 1912 sono
440 1835 635 1911 substituto
661 1836 847 1912 malebant.
883 1837 1064 1913 Dixerunt
1081 1839 1190 1940 igitur
1204 1840 1301 1943 Βάῤ-

192 1971 294 2071 ῥωνα
316 1977 353 2043 et
376 1965 643 2045 Βεσπασιανὸν
667 1967 865 2045 Varronem
891 1979 929 2043 et
944 1969 1217 2071 Vespasianum,
1235 1976 1299 2075 qui

192 2102 299 2178 etiam
323 2099 463 2176 mollius
482 2127 590 2203 saepe
608 2102 835 2176 nominantur
851 2100 1146 2193 Οὐεσπασιανὸς
1162 2116 1199 2180 et
1217 2107 1298 2183 Oai·

190 2233 325 2336 άρῤων,
351 2234 502 2309 Balbum
527 2245 646 2309 autem
672 2244 709 2308 et
725 2233 876 2307 Brutum
893 2234 1116 2335 appellarunt
1138 2235 1297 2338 Βάλβου

192 2379 230 2442 et
252 2374 431 2467 Βροῦτον,
458 2367 626 2469 quoniam
649 2363 879 2463 Μπάλμπον
904 2375 941 2440 et
954 2373 1163 2468 Μπροῦτου
1188 2397 1295 2446 nemo

190 2500 409 2577 Graecorum
433 2501 633 2577 tolerasset
687 2496 802 2571 Porro
831 2496 963 2575 Graeci
995 2531 1020 2602 η
1046 2501 1211 2575 dixerunt
1237 2503 1294 2579 vel

186 2660 255 2736 pro
279 2636 295 2708 i
318 2635 571 2724 Romanorum,
596 2629 642 2704 ad
666 2628 763 2727 quod
788 2631 949 2730 proxime
973 2633 1121 2724 accedit,
1145 2633 1203 2709 vel
1225 2662 1293 2736 pro

186 2796 218 2854 c,
232 2769 264 2843 si
287 2767 498 2844 vocabulum
522 2765 575 2840 sic
598 2770 771 2837 mutatum
789 2764 934 2841 suarius
951 2791 1080 2840 sonare
1095 2765 1292 2842 videbatur.

185 2899 399 3002 Serpionem
415 2900 524 3002 igitur
539 2906 577 2970 el
587 2893 814 2970 Numitorem
828 2908 1078 2998 nuncuparunt
1090 2898 1292 3002 Σκηπίωνα

185 3046 223 3110 et
251 3033 471 3138 Νομήτορα,
510 3025 684 3104 Seuerum
716 3035 835 3100 autem
868 3039 905 3104 et
934 3029 1134 3106 Personam
1165 3031 1290 3105 eadem

182 3168 302 3244 littera
325 3163 483 3240 adbibita
509 3163 678 3258 Σεβῆρον
708 3167 745 3232 ct
770 3159 984 3262 Πορσήναν.
1040 3163 1171 3265 Neque
1200 3191 1289 3239 vero

182 3303 200 3375 ἰ
221 3302 464 3376 Romanorum
487 3290 538 3364 ita
562 3314 705 3389 semper
728 3293 989 3370 transtulerunt
1009 3294 1148 3386 Graeci,
1172 3306 1212 3370 ut
1227 3297 1289 3371 ille

182 3457 294 3508 sonus
324 3432 541 3511 servaretur,
573 3421 638 3495 sed
669 3449 925 3527 nonnunquam
958 3427 1064 3502 etiam
1095 3458 1112 3502 ε
1142 3453 1208 3527 pro
1238 3455 1286 3503 eo

179 3565 406 3661 usurparunt.
455 3553 572 3654 Legio
595 3554 763 3632 videlicet
786 3569 824 3634 et
849 3561 1061 3661 capitolium
1086 3586 1106 3633 a
1132 3559 1284 3638 Graecis

178 3697 368 3770 vertuntur
389 3684 534 3790 bopedv
558 3697 595 3762 et
617 3689 868 3789 mmmdbaov3
893 3693 1043 3766 linteum
1075 3691 1169 3766 baud
1200 3720 1284 3772 raro

177 3810 343 3911 bavaria,
381 3821 483 3918 cujus
515 3795 599 3894 loco*
627 3831 665 3896 et
693 3821 836 3898 blanca
866 3824 904 3896 in
933 3848 1003 3896 usu
1034 3834 1119 3898 erat.
1170 3823 1283 3925 Quod

177 3953 223 4027 de
246 3951 375 4027 litteris
399 3957 429 4054 β
453 3962 490 4026 et
514 3985 539 4052 η
564 3930 777 4029 brevissime
803 3950 890 4043 dixi,
915 3979 961 4028 ne
985 3953 1090 4058 longa
1122 3956 1282 4057 disputa-

174 4085 274 4160 tione
299 4094 398 4160 extra
428 4084 612 4173 terminos
648 4109 740 4183 quos
765 4084 852 4158 mibi
881 4088 1069 4178 constitui,
1100 4113 1280 4189 evagarer,

173 4218 339 4333 idem'de
354 4213 511 4313 reliquis
537 4213 718 4314 alphabeti
747 4217 865 4319 graeei
895 4228 932 4293 et
961 4217 1059 4294 latini
1090 4218 1279 4301 elementis

1224 4355 1277 4431 di·
