2700 4672
229 232 277 307 76

229 430 305 495 Vid.
336 429 529 493 Buttmanni
556 438 725 511 grammat„
756 427 903 512 amplior.
931 426 1063 490 Toml
1091 424 1119 510 ᾗ.
1142 425 1185 492 96
1216 428 1340 494 admi)

228 574 302 640 pag.
326 550 400 617 mo.
451 553 556 615 Porro
588 550 628 613 de
660 551 942 636 praetermissione
975 550 1139 635 participii
1161 537 1216 626 dv,
1250 552 1338 632 quod

228 687 302 762 post
324 662 425 747 ἔτυχα
448 675 567 737 veteris
589 673 771 755 elegantiae
792 673 929 735 studiosi
959 671 1013 734 hic
1043 674 1181 736 forsitan
1211 674 1337 736 deside·

227 809 313 877 rant,
335 798 407 860 vide
429 798 503 859 adn.
526 797 568 859 ad
591 816 670 859 vers.
698 794 770 858 179.
788 830 832 838 -
847 817 922 873 μου,
944 796 1026 876 quod
1042 796 1182 879 positum
1195 808 1247 858 est
1261 806 1338 880 post

226 914 309 999 ποτέ,
331 921 471 1005 scriptor
493 930 602 982 noster
624 918 822 1005 pleonasticc
844 917 941 980 addit.
988 914 1049 980 Sic
1077 929 1110 979 et
1136 919 1223 980 infra
1251 937 1336 980 vers.

226 1040 293 1105 200
326 1034 403 1101 ποτέ
424 1064 490 1120 μου
517 1032 573 1100 dio
600 1033 672 1109 τοὺς
694 1025 804 1117 (imma.
861 1038 1015 1103 Refertur
1037 1052 1143 1102 aufem
1165 1041 1336 1121 utrobique

226 1165 268 1228 ad
290 1165 386 1228 verba
409 1149 517 1244 ἕῳυγα
539 1174 571 1227 et
593 1148 704 1240 docco,
726 1163 774 1225 ita
796 1174 832 1224 ut
854 1160 935 1225 haec
963 1161 1113 1243 loquendi
1142 1164 1228 1226 ratio
1257 1183 1336 1227 con-

226 1289 305 1350 ferri
327 1298 422 1368 queat
446 1307 518 1349 cum
540 1285 674 1368 gallica:
697 1287 764 1348 moi
780 1290 817 1368 je
840 1304 882 1348 ne
905 1283 960 1347 l’ai
977 1286 1097 1367 jamais
1120 1286 1190 1348 fait.

355 1407 399 1470 V.
424 1406 476 1472 76.
521 1398 575 1466 τὸν
596 1399 740 1476 θάνατον
760 1401 832 1467 ’ποῦ
852 1401 979 1487 μέλπω
999 1397 1044 1466 νά
1061 1399 1135 1487 'inp
1156 1409 1178 1470 i.
1194 1429 1222 1470 e.
1244 1427 1332 1471 mor-

227 1536 308 1611 tem,
332 1551 423 1618 qreae
445 1527 593 1606 timetur,
613 1550 656 1595 ne
678 1527 804 1596 veniat.
850 1530 955 1593 Paulo
985 1531 1110 1611 quidem
1137 1529 1332 1594 insolentius

227 1658 348 1720 dictum
370 1667 419 1718 est
435 1648 576 1734 μέλεται,
599 1655 655 1716 sed
677 1654 754 1716 licet
780 1652 876 1717 hodie
904 1654 952 1716 sic
979 1673 1072 1717 nemo
1102 1653 1267 1735 loquatur,
1295 1656 1331 1718 in

224 1779 285 1842 tali
307 1790 455 1865 poemate
478 1797 545 1838 non
567 1775 818 1838 sollicitandum.

355 1898 476 1963 V.⁴77.
522 1891 612 1967 ποτές
633 1899 809 1981 vulgariter
830 1919 890 1984 pro
912 1893 994 1959 ποτέ.
1021 1934 1065 1943 -
1087 1891 1244 1963 omnmo
1267 1897 1328 1980 vel,

223 2033 259 2086 ut
281 2021 340 2084 alii
361 2023 507 2085 scribunt
528 2015 705 2080 σκουτέλλα
726 2024 798 2107 ipsa
819 2021 1011 2085 Latinorum
1025 2043 1088 2084 vox
1107 2032 1156 2084 est
1170 2019 1328 2097 scrrfello,

148 2186 152 2199 ι
223 2148 392 2227 quaejam
420 2146 505 2229 apud
533 2146 631 2208 medii
659 2146 729 2208 aevi
756 2146 932 2231 scriptores
958 2165 1018 2230 pro
1047 2155 1153 2208 vetere
1180 2137 1327 2224 τρυβλίον

222 2288 290 2331 non
306 2269 492 2349 infrequens
509 2279 567 2331 est.
609 2267 657 2333 Cf.
672 2268 819 2352 Ducang.
836 2268 978 2331 Glossar.
992 2268 1082 2331 Tom.
1095 2269 1128 2329 II
1141 2288 1214 2353 pag.
1231 2267 1326 2332 1399.

352 2388 395 2454 V.
419 2389 471 2454 78.
516 2382 639 2461 κείνους
662 2383 835 2472 ἔσμίγομαι
862 2388 932 2453 iuis
952 2386 1155 2471 immisceor,
1182 2393 1238 2454 ubi
1267 2383 1325 2452 κεί

221 2535 296 2583 νους
317 2514 416 2576 dativi
439 2515 507 2577 vice
529 2516 684 2598 fungitur,
707 2526 742 2578 ut
763 2517 892 2601 saepius
914 2515 1059 2579 vidimus.
1100 2511 1202 2577 Aliud
1218 2535 1324 2581 exam·

220 2637 309 2722 plum
332 2638 419 2701 verbi
442 2628 626 2718 ε’σμῖγομαι,
639 2660 699 2723 pre
712 2658 774 2719 quo
788 2629 947 2719 σμίγομαι
964 2638 1082 2703 Graeci
1097 2657 1223 2722 semper
1238 2657 1323 2700 nune

220 2771 369 2838 utuntur,
396 2760 492 2825 affert
523 2760 643 2823 Coraes
664 2753 784 2820 Ἀτακτ.
807 2761 897 2822 Tom.
921 2760 956 2823 ΙΙ
977 2780 1051 2844 pag.
1075 2757 1139 2823 309
1161 2781 1188 2822 s.
1210 2780 1240 2823 v.
1263 2755 1323 2822 ποῦ

219 2869 276 2936 καὶ
297 2878 360 2937 ποῦ
379 2901 421 2940 ex
444 2880 631 2962 Georgillae
653 2891 814 2964 poemate,
838 2881 923 2960 quod
950 2882 1136 2944 inscribitur
1161 2872 1196 2942 ed
1218 2893 1321 2952 &ana-

217 2988 303 3060 rnedv
324 2997 375 3074 τῆς
394 2989 514 3065 ‘Pdeoo
539 3000 649 3064 Verba
671 3012 747 3063 sunt
768 2990 825 3059 aeni
847 2987 946 3076 ἄλλην
967 2995 1028 3061 οὐκ
1049 2996 1223 3085 ἔσμίγεται,
1239 3006 1322 3087 quod

218 3124 257 3185 de
280 3124 367 3186 coitu
389 3121 643 3206 intelligendum.
689 3124 731 3188 In
754 3115 927 3205 ἐσμῖγομαι
951 3125 1071 3189 Coraes
1090 3126 1147 3190 l.l.
1167 3147 1242 3213 pag.
1255 3127 1318 3193 331

217 3243 298 3306 illud
321 3266 336 3301 ε
357 3245 485 3308 initiale
506 3248 640 3310 barbare
663 3248 822 3331 adjectum
844 3270 914 3312 esse
937 3251 994 3328 ait,
1017 3251 1111 3330 idque
1133 3262 1228 3312 recte.
1266 3251 1322 3315 Et-

217 3367 304 3429 enim
325 3377 362 3428 ut
383 3369 508 3449 antiqui
530 3389 597 3432 non
620 3369 802 3438 habuerunt
824 3373 1034 3455 compositum
1057 3358 1256 3449 ἐσμιγνῦυαι,
1273 3375 1324 3439 ita

216 3510 416 3571 nequaquam
437 3492 614 3575 putandum
636 3505 700 3572 est,
723 3495 758 3555 in
781 3485 903 3571 ἐσμίγω
925 3493 1195 3576 praepositionem
1218 3487 1250 3562 ἐς
1272 3516 1322 3560 re.

215 3614 325 3698 periri.
356 3645 399 3658 -
427 3601 497 3673 ὅσοι
522 3605 562 3672 ’rt
590 3609 622 3684 ἐς
649 3579 695 3690 rdq’
726 3617 748 3677 i.
776 3637 804 3677 e.
829 3603 902 3692 ,ὅσοι
929 3601 974 3672 i'm
1003 3609 1034 3684 ἐς
1056 3604 1117 3688 τὴν.
1135 3603 1183 3661 >-'-
1208 3608 1318 3699 ’μπρο.

216 3724 333 3794 ονέλλα
365 3736 388 3798 i.
423 3757 451 3797 e.
486 3700 700 3816 ε”μπξζστέλλα
734 3749 866 3818 etymon
896 3736 1017 3803 habens
1051 3741 1090 3802 ab
1128 3724 1319 3822 ἔιιπροσῇεν,

212 3854 344 3938 primus
373 3855 599 3943 pregnantium
629 3855 714 3920 ordo
748 3870 806 3921 est.
854 3858 921 3922 Cur
950 3859 1083 3922 Crusius
1110 3859 1180 3940 hic,
1203 3864 1258 3925 ubi
1281 3865 1319 3929 de

216 3977 359 4039 muribus
382 3982 501 4060 agitur,
521 3977 666 4066 primum
690 3988 876 4064 equestrem
898 3979 1050 4047 ordinem
1077 4005 1147 4045 esse
1169 3985 1319 4062 voluerit,

215 4095 285 4180 ipse
305 4099 449 4180 profecto
471 4103 593 4166 viderit.
643 4103 745 4167 Aliud
768 4124 862 4168 rarae
889 4103 985 4188 huJ'us
1012 4106 1185 4169 locutionis
1213 4129 1317 4190 exem·

215 4216 305 4309 plum
327 4217 511 4303 depromam
534 4245 575 4287 ex
593 4218 714 4291 Ἀτακτ.
736 4228 825 4293 Tom.
849 4227 883 4290 Π
904 4248 935 4313 p.
961 4225 1040 4303 121,
1063 4228 1145 4308 quod
1167 4227 1318 4300 haustum
