2700 4672
191 213 238 286 la

189 410 282 474 modo
312 414 500 492 conjunctus
529 409 694 488 utriusque
720 426 818 470 sonus
847 407 1056 492 proferendus
1082 412 1141 489 sit,
1171 431 1232 493 quo
1255 414 1292 476 in

189 532 307 618 gallica
334 531 446 614 lingua
474 532 579 594 exitus
609 531 695 592 vocis
726 527 953 593 contribulium.
1008 533 1102 608 Quod
1131 554 1226 616 quum
1255 537 1291 598 in

188 675 304 742 graeca
321 654 433 738 lingua
451 654 566 732 evenit,
585 648 659 710 ἰῶτα
676 663 879 734 caeteraeque
895 655 1020 718 vocales
1038 669 1070 719 et
1085 654 1289 742 diphthongi,

188 798 321 862 quarum
342 797 402 863 par
424 788 474 839 est
495 774 653 862 prolatio,
676 776 820 839 nativum
847 797 961 840 sonum
988 780 1147 858 retinent,
1177 791 1290 844 eontra

188 924 201 960 ε
224 913 258 966 et
279 896 374 963 ae'ea
396 910 520 962 tantum
542 898 615 982 lege
637 919 708 962 eum
731 901 876 982 sequenti
898 900 1003 964 vocali
1026 902 1225 981 coalescunt,
1253 915 1290 965 ut

185 1026 222 1088 in
243 1041 358 1087 sonum
379 1018 435 1080 rob
455 1016 531 1079 ἰῶτα
555 1032 731 1084 transeant.
778 1021 941 1087 Aeeentus
957 1037 1074 1106 autem,
1097 1027 1127 1088 si
1143 1037 1218 1088 ante
1237 1046 1289 1106 sy-

186 1147 310 1209 niaesin
333 1146 370 1208 in
391 1143 569 1229 penultima
592 1143 718 1225 syllaba
740 1146 817 1223 suit,
840 1143 902 1208 hae
924 1148 1063 1228 synizesi
1087 1151 1121 1211 in
1143 1147 1290 1211 ultimam

186 1269 365 1353 conjicitur.
400 1265 487 1328 Hine
502 1277 646 1350 apparet,
670 1286 727 1330 eur
748 1287 807 1354 pro
830 1261 953 1346 βιβλίον
974 1271 1038 1334 diei
1061 1283 1155 1353 queat
1176 1257 1289 1347 βιβλιὸ,

187 1391 223 1455 tu
244 1389 327 1472 quod
350 1401 481 1452 nostrae
503 1389 621 1452 aetatis
644 1389 840 1453 Graecorum
867 1412 956 1455 more
983 1390 1024 1468 νῷ
1045 1383 1125 1469 bola
1146 1392 1217 1473 (v)
1239 1354 1288 1454 ils

184 1515 234 1577 lra
268 1513 430 1597 adscripto
461 1513 605 1575 indicare
631 1512 780 1576 solemus.
826 1510 987 1578 Similiter
1024 1515 1140 1578 Graeci
1177 1515 1289 1578 dieunt

184 1655 413 1717 nonnunquam
434 1623 495 1715 pu&
514 1654 573 1720 pro
595 1627 672 1713 μία,
671 1621 837 1716 ’Ῥωμεως
859 1657 919 1721 pro
937 1630 1107 1716 Ρωμαΐος,
1136 1628 1289 1716 λειοντάρι

184 1778 243 1842 pro
265 1747 417 1837 nomam,
441 1758 500 1837 (ei.
524 1757 598 1820 adn.
622 1757 663 1819 ad
685 1759 836 1844 parapbr.
859 1779 942 1822 vers.
967 1757 1064 1834 403.)
1092 1721 1206 1872 aba}
1227 1779 1287 1844 pro

184 1872 322 1959 δίκαιος,
350 1891 384 1943 et
413 1880 480 1943 alia
508 1900 589 1962 quae
615 1878 762 1966 plurimis
785 1882 925 1944 Zeniani
948 1881 1100 1944 carminis
1131 1882 1287 1966 exemplis

184 2002 397 2065 illustrantur.
429 2000 488 2066 Sia
504 2022 626 2084 quoque
649 2005 732 2088 apud
748 2003 932 2089 Euripidem
949 2004 1066 2069 Eleetr.
1084 2024 1193 2067 versus
1210 2000 1285 2066 492.

183 2112 319 2183 παλαιόν
340 2146 371 2183 τε
394 2113 602 2204 βησαῦρισμα
625 2116 781 2186 Διονύσου
802 2117 881 2208 ro'be,
905 2128 960 2209 qul
976 2127 1165 2213 interpretes
1178 2127 1286 2189 admo·

183 2248 257 2310 dum
279 2250 415 2328 vexavit,
438 2250 485 2311 ita
506 2249 573 2310 iere
587 2249 788 2312 scandendus
811 2262 870 2330 est,
893 2261 928 2313 ut
949 2251 1055 2336 prima
1070 2271 1132 2312 vox
1146 2269 1286 2335 pronun

112 2400 117 2410 ·
183 2372 285 2433 rietur
306 2362 426 2430 aaaron
470 2371 525 2435 Ad
557 2372 693 2434 eandem
725 2392 871 2435 normam
905 2373 1063 2454 exigenda
1098 2382 1173 2435 sunt
1204 2393 1286 2452 quae

182 2506 334 2574 tanquam
357 2495 405 2556 dis
392 2495 504 2558 sfieilia
527 2506 621 2576 atque
644 2516 663 2558 a
686 2493 870 2575 vulgaribus
894 2492 1013 2574 regulis
1034 2494 1216 2555 recedentia
1237 2493 1285 2556 al

181 2615 248 2678 lata
276 2617 419 2680 videmus
447 2620 487 2681 ab
515 2618 703 2682 Hermanno
730 2615 831 2678 Elem.
862 2614 973 2677 Doetr
1005 2614 1101 2676 Matr.
1131 2634 1205 2700 pag.
1229 2614 1282 2678 52.

181 2758 265 2819 seqq.
312 2737 494 2804 Rarissime
524 2753 631 2806 autem
661 2748 809 2802 accentus
839 2739 874 2797 in
896 2737 1070 2818 syllabam,
1094 2757 1174 2816 quae
1196 2739 1284 2817 syni-

181 2862 267 2924 zesin
295 2865 475 2948 praeeedit,
505 2884 524 2926 a
556 2863 690 2925 Graecis
713 2859 900 2941 conjicitur,
924 2857 1067 2920 velutin
1090 2861 1194 2920 verbis
1217 2850 1282 2918 abab·

180 3002 283 3043 πιασα
304 3006 363 3070 pro
387 2978 554 3061 ἐκοπίασα,
577 2959 711 3042 leoena
733 3001 793 3066 pro
816 2971 960 3056 ἐνοίωσα,
984 2973 1210 3060 συννέφιασμα
1223 3002 1283 3066 pro

181 3069 414 3189 οἷννεφίασμει,
436 3072 691 3186 ξεκοίλιασεῖιο
713 3094 904 3180 gemet-lars,
932 3104 1016 3185 quod
1037 3066 1156 3186 legilur
1182 3104 1282 3167 Para.

180 3228 289 3315 phras.
314 3253 342 3295 v.
368 3228 444 3295 362.
548 3188 582 3210 ν

242 3327 246 3334 ’
311 3346 363 3412 νέα
383 3371 443 3438 pro
458 3343 546 3425 νέον,
574 3359 610 3411 ut
630 3370 671 3412 ex
692 3349 804 3433 regula
827 3352 921 3414 modo
944 3348 1105 3435 explicata
1134 3345 1281 3408 efficitur.

312 3475 352 3536 ln
379 3471 483 3533 verbis
506 3458 549 3527 νᾶ
570 3469 635 3550 poti
662 3462 819 3553 πουλῆοῃς
847 3494 888 3536 ex
917 3468 1145 3553 connsuetudine
1172 3485 1281 3528 reeen-

182 3599 299 3659 tiorum
327 3593 446 3656 Dativo
480 3595 659 3656 carentium
684 3592 750 3674 μοῢ
777 3616 836 3680 pro
865 3585 919 3674 μοὶ
952 3601 1131 3675 usurpatur.
1182 3588 1281 3650 Nam-

178 3739 239 3799 que
271 3715 324 3778 hie
359 3735 450 3778 oasus
481 3735 579 3796 aeque
607 3730 702 3798 atque
731 3717 941 3781 Aeeusativus
973 3716 1009 3776 in
1038 3697 1148 3774 Dativi
1175 3708 1281 3772 locum

177 3839 388 3902 substituitur.
445 3838 675 3902 Accusativum
708 3848 830 3915 autem,
854 3838 908 3898 ubi
934 3835 994 3898 boe
1016 3855 1116 3897 sensu
1139 3832 1281 3917 ponitur,

177 3963 366 4047 praecedere
389 3961 616 4044 etiampotest
638 3959 834 4046 praepositio
858 3953 906 4026 εἰς.

309 4070 466 4160 πουλήσῃς
487 4101 545 4166 pro
569 4071 720 4161 πωλήοῃς.
761 4080 901 4144 citerior
917 4080 1075 4162 graecitas
1091 4078 1126 4139 in
1141 4072 1280 4159 permul-

71 4238 74 4243 ·
178 4204 219 4264 tis
236 4202 359 4264 seilicet
374 4203 534 4266 vocabulis
551 4226 574 4260 ω
594 4205 729 4268 mutavit
751 4205 786 4266 in
809 4226 857 4280 ου,
874 4221 1006 4281 quorum
1029 4201 1064 4260 iu
1081 4215 1212 4260 numero
1231 4209 1280 4258 est
