2700 4672
194 226 243 300 44

87 441 90 449 ’
195 443 281 487 num.
306 421 336 487 9.
369 423 493 509 profert
523 420 671 503 Ducang.
694 419 716 482 l.
739 419 761 482 l.
792 420 830 482 Τ.
856 420 883 484 1.
908 442 938 507 p.
967 420 1060 486 1055.
1096 416 1298 493 εἰςελξιὸιιιωι

76 630 79 635 .
195 530 255 606 οὖν
280 535 336 605 acori
363 534 656 626 προςκυιιησάνιωιι,
686 535 779 623 ὁρίζει
805 535 861 603 καὶ
889 534 1004 615 τούτοις
1026 534 1081 605 διὰ
1103 541 1256 627 ἑρμηνέως
1279 542 1296 606 ὃ

86 691 89 697 ·
194 657 351 747 βασιλεύς.
395 667 581 731 Notandum
602 678 780 753 praeterea,
802 677 974 745 caesurae,
998 671 1171 733 memoriae
1195 670 1295 734 Grae·

196 792 243 854 eis
270 778 355 870 ὅριοι
385 801 417 852 et
444 779 563 870 ὁρίοειε
584 790 633 852 sic
656 770 824 871 colloquiis
847 781 947 854 inseri
970 802 1048 857 uta
1071 790 1182 857 Gallis·
1198 795 1295 857 inter-

193 913 327 998 ponitur
345 907 501 997 pluit-il.

327 1032 370 1096 V.
394 1032 425 1098 3.
463 1028 543 1103 εἶπές
569 1056 635 1113 μου
656 1035 676 1097 i.
701 1054 728 1099 ο.
751 1030 821 1094 εἰπέ
837 1058 900 1116 μοι.
946 1035 1032 1099 Vide
1054 1039 1229 1130 superiora.
1251 1071 1296 1088 -

193 1155 234 1218 ln
256 1155 360 1219 verbis
382 1153 445 1226 πῶς
466 1148 500 1216 rd
523 1151 654 1238 λέγουσι
681 1176 792 1221 rursus
819 1142 854 1216 ιδ
881 1178 940 1245 pro
970 1149 1048 1219 αὐιό
1076 1161 1297 1245 accipiendum

195 1289 251 1342 est.
299 1278 422 1354 Quodsi
443 1277 523 1342 illud
551 1268 587 1338 ri>
607 1278 658 1342 vel
686 1279 770 1343 eliae
799 1301 908 1361 voces,
936 1300 1016 1362 quae
1044 1283 1083 1345 ob
1111 1282 1295 1346 inclinatio·

193 1421 269 1464 nem
291 1401 492 1464 antecedenti
514 1402 585 1465 voci
607 1413 774 1465 accentum
796 1404 923 1466 tradere
942 1403 1057 1483 solent,
1078 1424 1144 1466 non
1159 1425 1295 1484 sequun-

194 1538 257 1604 tur,
280 1524 337 1587 sed
358 1524 552 1611 praecedunt
579 1523 675 1603 illud,
703 1525 744 1588 ad
772 1509 855 1607 quod
876 1527 1068 1605 referuntur,
1096 1525 1295 1607 vocabulum,

193 1667 265 1710 eam
287 1644 368 1709 milri
391 1648 459 1709 dixi
482 1644 604 1729 legem,
627 1646 761 1709 eruditis
785 1647 906 1728 aliquot
929 1649 1014 1711 inter
1044 1647 1184 1711 Graecos
1214 1649 1293 1711 viris

192 1789 260 1832 uon
281 1769 504 1855 improbatam,
527 1779 563 1830 ut
585 1779 651 1831 turn
674 1789 799 1854 semper
819 1771 944 1856 apicem
961 1768 1144 1854 hujusmodi
1164 1769 1295 1835 voculae

191 1910 448 1977 superponerem.
495 1892 603 1967 Quare
626 1892 687 1953 etsi
708 1892 824 1976 scripsi
845 1881 899 1951 cdv
919 1880 989 1951 vide
1009 1914 1077 1969 roo,
1099 1904 1293 1958 nontamen

191 2012 255 2083 πῶς
276 2031 310 2073 το
331 2006 463 2094 λέγουσι
484 2013 726 2093 admittendum,
748 1994 805 2076 scd
826 2010 889 2083 πῶς
903 2006 937 2073 ιδ
951 2009 1083 2096 λέγουσι
1097 2016 1294 2080 exarandum

192 2113 326 2223 putari.⁴
357 2135 448 2200 Finis
470 2134 565 2220 hujus
588 2156 698 2201 versus
718 2128 756 2194 ’rr
777 2125 860 2217 τώρα
881 2127 937 2195 ὁὲν
958 2122 1093 2210 ἇδειάζω
1115 2138 1292 2222 signifieat:

115 2272 121 2284 ·
193 2246 239 2318 dn
260 2255 320 2317 οὖν
342 2250 381 2318 οὔ
402 2249 558 2332 σχολάζω.
602 2258 663 2323 Est
685 2259 771 2321 enim
798 2278 825 2319 rr
847 2279 905 2345 per
933 2221 1125 2346 aphderesin
1152 2259 1207 2324 hic
1234 2282 1293 2347 pro

190 2370 250 2457 ta,
273 2383 327 2463 qui
349 2380 500 2463 loquendi
523 2383 635 2445 modus
657 2380 752 2445 hodie
774 2382 943 2476 aGraecis
962 2385 1089 2447 vitatur.
1135 2380 1203 2447 Sed
1216 2384 1293 2448 Pto·

193 2503 442 2591 choprodromus
476 2524 598 2586 quoque
638 2517 713 2569 ante
746 2505 871 2569 Zenum
902 2510 973 2590 jam
1009 2505 1139 2589 scripsit
1175 2504 1230 2568 lib·
1263 2506 1292 2569 1.

192 2647 274 2691 vers
299 2623 372 2691 112.
396 2613 439 2685 nol
459 2619 514 2687 cdv
536 2622 610 2686 εἶπῶ
631 2645 658 2686 rr
680 2618 769 2708 μάὲιε
791 2646 848 2717 τοι).
865 2617 1085 2709 Γραμματικὰ,
1107 2616 1149 2686 udi
1170 2617 1247 2708 ζήσῃ
1269 2631 1291 2691 ἰ.

193 2772 220 2814 e.
243 2739 287 2810 vol
306 2737 360 2810 cdv
381 2746 455 2810 εἶπῶ
478 2737 535 2809 dn·
558 2739 673 2829 »μάθε
700 2767 754 2809 rou
775 2774 803 2809 κ.
826 2768 850 2808 r.
873 2743 920 2809 λ.”
971 2751 1068 2836 Apud
1096 2749 1293 2835 Ptochopro.

193 2873 339 2936 dromum
361 2873 488 2954 quidem
510 2890 537 2930 rr
559 2872 626 2935 alio
649 2870 834 2953 significatu
854 2875 996 2959 positum
1016 2882 1075 2949 est,
1098 2892 1136 2932 eo
1158 2871 1292 2951 seilicet,

193 3016 254 3077 quo
277 2984 322 3054 dn
338 2999 408 3078 jam
431 2992 517 3078 apud
538 2992 667 3056 Atticos
689 2993 887 3079 pleonastice
908 3003 1093 3079 usurpatur,
1121 2993 1176 3054 ubi
1197 2994 1293 3057 verba

192 3118 327 3202 alicujus
348 3118 385 3179 iu
408 3115 554 3177 oratione
571 3127 659 3179 recte
677 3118 868 3196 reseruntur,
889 3115 945 3177 sed
962 3112 1071 3175 eodem
1088 3123 1195 3176 tamen
1212 3112 1293 3178 haec

193 3243 314 3302 formae
335 3237 496 3300 mutilatio
518 3249 575 3301 est.
621 3239 672 3302 De
695 3239 817 3322 reliquo
839 3234 924 3300 nihil
938 3224 1133 3316 frequentius
1154 3236 1189 3298 in
1203 3237 1292 3320 vulgi

194 3381 254 3433 ore
272 3361 433 3445 reperitur
461 3378 555 3440 quam
583 3363 719 3445 abjectio
747 3358 867 3424 vocalis
889 3381 906 3417 ο
929 3359 965 3420 in
986 3359 1147 3444 principio
1169 3379 1290 3423 vocum.

193 3484 305 3564 Itaque
328 3482 440 3566 vulgus
462 3475 550 3565 λῖγος
572 3485 651 3547 dicit
671 3502 731 3568 pro
753 3471 867 3560 ὀλίγος,
889 3478 1057 3560 λιγοὲυμῶ
1077 3493 1110 3544 et
1124 3479 1293 3562 λιγοψυχῶ

193 3626 252 3692 pro
283 3597 466 3687 ὀλι-γοβυμῶ
493 3617 526 3670 et
553 3598 746 3684 dlcyodwxa‘i.
797 3601 846 3665 cf.
879 3603 953 3668 Cor·
973 3582 1113 3663 ’Άιαιιια
1135 3603 1159 3665 Ι.
1184 3624 1214 3688 p.
1238 3601 1291 3666 85.

192 3726 313 3791 Eodem
325 3729 418 3792 modo
430 3730 539 3792 Zenus
551 3744 630 3789 vers.
646 3721 719 3788 456.
732 3723 883 3811 paraphr.
899 3715 940 3786 rol
949 3716 1047 3798 νύχια
1057 3713 1150 3796 εἶχαν
1161 3715 1293 3804 adprecor,

194 3839 258 3908 σὰν
278 3840 318 3910 roi
337 3843 464 3924 ’χουσιιι
486 3841 506 3928 ᾖ
527 3836 640 3929 ydronto
662 3868 721 3934 pro
743 3838 784 3908 roi
806 3839 923 3921 ὀνύχια
951 3836 1045 3920 εἶχαν
1071 3836 1220 3925 ὀξύμηια.

324 3966 408 4053 reigo
429 3970 514 4058 apud
535 3972 731 4034 recentiores
753 3972 838 4034 idem
860 3970 945 4035 valet
968 3970 1050 4051 quod
1066 3981 1205 4032 veterum
1224 3964 1291 4028 cdv.

194 4094 276 4160 Orto
298 4108 347 4160 est
369 4094 450 4160 haec
471 4094 632 4182 particula
653 4116 694 4159 ex
717 4092 752 4175 τῇ
775 4082 842 4174 ὥρᾳ
864 4094 997 4174 ideoque
1020 4090 1161 4155 acuenda
1184 4100 1233 4151 est
1255 4091 1293 4153 in

61 4190 152 4384 χ
194 4216 372 4301 penultima
394 4218 529 4300 syllaba,
552 4237 619 4282 uon
643 4217 928 4296 circumflectendae,
951 4226 987 4278 ut
1009 4233 1104 4299 saepe
1124 4232 1294 4299 perperam
