2700 4672
1124 173 1168 242 hl

67 343 165 433 ἱδικός
186 363 281 448 vulgo
304 363 388 428 male
411 365 449 428 ab
472 353 548 434 ι”διος
571 365 748 444 derivatum
771 376 805 428 at
826 363 913 429 nihil
927 366 1016 430 aliud
1031 331 1089 447 est,
1105 371 1171 433 nisi

66 495 157 549 vatus
179 487 365 550 vocabulum
393 476 504 556 εἰδικὸς
531 488 582 551 vel
605 481 702 556 ἱδικός
723 483 899 574 specialis,
926 492 1017 572 cujus
1045 491 1170 575 signifi·

67 609 153 672 catio
175 608 272 695 paulo
296 609 362 673 alia
384 629 471 672 nunc
494 611 580 674 sacta
604 622 661 673 est.

199 731 241 793 V.
266 729 319 794 21.
371 755 404 790 κι
434 718 468 791 oi’
492 725 530 788 ai
557 723 683 811 yvcopia’
715 725 870 806 ἀληὲινὸν
890 752 950 818 pro
977 727 1033 794 aad
1056 723 1098 795 ἂν
1129 728 1167 797 cb

66 845 213 932 γνωρίσω
226 842 387 929 dica-acciu.
403 883 446 900 -
464 844 520 922 &ic
543 873 600 938 per
622 872 787 938 syncopen
809 873 868 938 pro
892 847 1004 926 θέλεις.
1034 857 1093 922 Est
1115 879 1170 922 au.

66 985 132 1037 tem
155 968 213 1045 &ic
236 964 301 1048 ἔχει
323 977 463 1038 futurum
485 972 753 1059 periphrasticum
774 995 834 1061 pro
852 964 937 1052 ἕξεις,
960 977 998 1041 in
1012 997 1074 1059 qua
1088 990 1171 1042 stru·

68 1107 159 1159 ctura
183 1084 248 1169 ἔχει
270 1095 455 1159 Infinitivus
471 1097 656 1182 praesentis
678 1108 728 1160 est
748 1098 867 1160 omisso
883 1119 909 1156 ν.
954 1097 1041 1163 Vide
1055 1100 1095 1163 de
1109 1099 1173 1165 hoc

67 1230 261 1300 argumento
289 1219 504 1305 disputantem
539 1218 615 1282 Gor.
636 1205 762 1280 ''Araaa
791 1218 817 1281 1.
853 1239 885 1305 p.
915 1218 987 1285 158.
1017 1242 1101 1305 seqq.
1138 1234 1172 1288 et

69 1358 150 1420 quae
171 1360 231 1406 nos
255 1341 490 1408 observavimus
513 1340 599 1403 inira
627 1339 668 1404 ad
697 1360 777 1407 vars.
808 1338 882 1405 163.
921 1373 965 1393 ·-·
1002 1334 1057 1418 aba
1084 1337 1174 1454 φιλιέ

67 1483 133 1539 μου
154 1463 175 1527 i.
200 1485 226 1529 e.
249 1455 304 1538 cipi
325 1455 435 1542 φιλίαν
455 1483 528 1541 μου.

199 1585 242 1647 V.
257 1566 319 1649 22.
364 1576 407 1643 νοὶ
434 1577 464 1643 σ’
489 1570 623 1663 {pistico
650 1594 685 1648 tc
712 1581 935 1650 introducam.
990 1583 1172 1673 Superiori·

69 1709 127 1772 bus
157 1707 294 1772 saeculis
323 1706 440 1770 Graeci
469 1696 511 1764 roi
540 1726 611 1769 cum
639 1705 853 1790 conjunctivo
876 1720 908 1773 et
930 1710 1117 1773 Praesentis
1139 1719 1173 1772 et

69 1830 198 1896 Aoristi
219 1849 279 1917 pro
302 1830 407 1892 futuro
431 1826 633 1914 adhibebant,
656 1831 899 1912 subaudientes,
922 1832 1054 1918 opinor,
1077 1822 1172 1900 θέλω.

70 1949 204 2017 Similia
231 1950 379 2038 exempla
405 1950 515 2015 attulit
542 1950 663 2015 Coraca
688 1945 808 2014 Ἀνακτ.
832 1953 924 2016 Tom.
948 1953 991 2017 ΙΙ.
1019 1973 1092 2039 pag.
1116 1950 1170 2017 90.

71 2063 199 2154 ἐμβάζω
227 2074 312 2161 apud
338 2074 536 2138 recentiores
564 2074 713 2158 designat
740 2071 929 2150 introduco,
956 2071 1088 2155 induco,
1111 2096 1171 2162 pro

72 2216 133 2278 quo
168 2208 279 2260 noster
312 2171 438 2281 plebej'a
472 2196 700 2282 depravatione
735 2183 862 2276 ε’μπάζω
900 2198 1006 2261 finxit.
1045 2231 1095 2267 -,
1127 2188 1171 2256 coi

73 2313 141 2398 ἰδῇς
163 2321 186 2381 i.
209 2341 237 2383 c.
260 2307 314 2377 ἵνα
342 2305 416 2397 iiipc.
466 2317 507 2380 In
530 2317 745 2400 conjunctivo
768 2320 881 2382 aoristi
903 2317 998 2401 hujus
1013 2320 1102 2383 verhi
1123 2339 1172 2382 re·

72 2441 198 2505 cantior
219 2459 342 2520 sermo,
365 2440 395 2503 si
423 2450 590 2502 accentum
622 2451 821 2524 spectamus,
856 2441 1050 2521 abantiquo
1078 2440 1172 2504 detle·

72 2565 131 2628 xit.
176 2562 295 2627 Eodem
325 2562 420 2626 modo
448 2580 535 2624 nunc
564 2561 683 2625 Graeci
704 2557 777 2620 εἰπῶ
799 2581 857 2647 pro
880 2549 953 2621 εἴπω
975 2558 1189 2648 transposito

72 2698 206 2750 accentu
227 2686 373 2749 efferunt.
397 2717 440 2729 -·
462 2674 516 2757 τὴν
543 2674 690 2743 accatucci
701 2706 767 2763 μου
779 2704 838 2768 pro
856 2672 912 2756 τὴν
924 2674 1088 2743 κατοικίαν
1101 2704 1173 2762 μου.

180 2806 223 2868 V.
247 2806 299 2871 23.
346 2798 457 2884 φιλικοὶ
488 2768 692 2885 χαρίσμαιῖ
715 2824 783 2870 uon
820 2805 988 2868 admodum
1025 2815 1174 2868 accurata

72 2930 176 2994 reddit
198 2928 365 3015 archetypi
387 2947 497 2993 vocem
518 2917 645 3005 ξεινήϊα,
670 2947 732 3010 qua
754 2927 982 3010 designantur,
1009 2937 1045 2990 nt
1067 2928 1173 2990 sciunt

72 3072 184 3117 omnes
206 3049 291 3130 δῶρα
320 3036 470 3129 διδόμενα
497 3045 539 3119 εἰς
561 3042 668 3127 ξένον,
696 3035 797 3130 ἤγουν
824 3042 916 3126 φίλον
938 3043 975 3108 ἐκ
995 3042 1083 3125 ξένης
1105 3046 1173 3129 γῆς,

72 3193 169 3258 quam
192 3172 313 3236 Cumae
336 3171 625 3256 explicationeme
653 3170 757 3235 lexico
788 3168 852 3234 huc
878 3172 1102 3257 transscripsi,
1137 3181 1172 3233 ut

47 3293 287 3377 intelligatur,
309 3290 514 3379 periphrasin
535 3313 556 3356 a
585 3293 815 3357 recentioribus
843 3293 880 3356 in
906 3293 938 3358 vi
966 3292 1061 3376 hujus
1089 3292 1173 3356 locu·

72 3385 173 3483 tionis
196 3416 406 3502 exprimenda
427 3415 585 3501 usurpari.
630 3415 716 3478 Nam
738 3434 852 3501 parum
874 3414 1029 3478 usitatum
1050 3426 1099 3478 cst
1116 3412 1174 3476 ho-

72 3538 125 3602 die
148 3528 256 3613 ξένιον.
304 3535 376 3600 Etsi
396 3555 472 3600 vcro
494 3537 582 3601 aliud
610 3538 774 3623 quippiam
801 3545 919 3598 sonant
945 3521 1055 3610 φιλικὰ
1082 3527 1195 3612 χαρί..

72 3675 193 3740 optatu,
205 3676 299 3750 quam
311 3645 427 3733 ξεινήϊα
438 3656 488 3721 vel
499 3651 597 3736 ξένια,
620 3675 754 3737 quorum
775 3653 834 3717 illa
855 3663 931 3715 sunt
945 3660 1089 3732 muncia,
1105 3655 1172 3734 qui·

73 3784 131 3845 bus
152 3801 189 3843 sc
210 3780 348 3846 invicem
369 3779 467 3842 amici
489 3777 621 3858 donant,
645 3775 694 3840 vel
716 3795 796 3857 quae
819 3773 981 3838 amicitiae
1004 3776 1186 3857 jungenda,

65 3922 170 3976 causa
199 3902 401 3986 praebentur,
436 3899 517 3964 haec
548 3920 624 3963 vero
657 3894 846 3983 hospitalia
879 3917 1029 3974 munera,
1065 3907 1173 3962 tamen

72 4023 239 4104 brevitatis
275 4042 373 4086 causa
401 4023 438 4084 in
467 4023 682 4086 translatione
711 4021 779 4086 dixi
806 4015 996 4106 hospitalia
1022 4039 1171 4084 munera.

75 4145 210 4212 Crmius
232 4165 299 4211 non
321 4146 402 4211 satis
424 4142 536 4220 latine,
559 4141 615 4206 sed
637 4143 678 4205 ad
700 4162 829 4206 sensum
856 4153 929 4229 apte
951 4144 1060 4210 vertit:
1089 4140 1172 4208 arni·
