2700 4672
120 186 187 259 tto

119 382 288 447 dicendum
310 392 382 445 erat
408 380 466 445 illa
495 400 573 444 aevo
601 371 642 438 rel
664 371 776 438 παιδιά
795 369 914 453 παίζει,
936 378 967 440 si
988 378 1110 461 singuli
1132 400 1225 465 sepa.

121 508 217 570 ratim
239 504 364 583 lantiunt,
385 496 543 578 παίζουω,
566 522 646 583 quae
669 503 770 564 torma
799 512 866 563 tum
889 520 1012 582 quoqne
1039 504 1226 567 necessaria

120 642 180 708 est,
203 648 298 710 qurum
320 627 521 710 singulorum
544 624 638 687 ludus
661 625 698 686 in
719 625 846 687 diversa
868 634 1013 709 tempora
1035 625 1168 705 incidit,
1192 626 1225 689 id

121 752 203 833 quod
233 753 407 835 praeterito
441 750 493 813 rel
530 751 647 827 futuro,
681 767 749 810 non
782 748 861 810 item
887 750 1052 833 praesenti
1080 761 1226 834 tempore

121 874 284 938 enuntiari
310 894 405 958 posse
433 874 470 935 in
496 883 624 958 promtu
654 881 712 933 est
762 868 853 932 Haec
878 870 937 951 iis,
960 892 1040 952 quae
1062 891 1161 956 snpra
1183 873 1226 935 ad

121 1019 150 1060 v.
175 994 218 1059 00
240 997 386 1080 exposita
408 1007 493 1072 sunt,
517 995 663 1058 addenda
684 1013 755 1055 esse
777 993 970 1074 existimavi,
992 1015 1033 1057 ne
1049 995 1159 1057 oblata
1175 1018 1225 1059 oc·

121 1120 250 1183 rasione
275 1118 474 1201 negligerem
501 1139 569 1180 rem
598 1117 740 1179 nondum
768 1119 848 1180 bene
876 1118 913 1180 in
941 1120 1163 1200 grammaticis
1185 1120 1233 1182 de'

122 1243 253 1322 antiqua
276 1239 389 1324 lingua
410 1241 503 1305 libris
525 1240 744 1318 enucleatam,
767 1259 848 1322 quae
870 1261 938 1305 uon
959 1241 1065 1305 solum
1095 1241 1223 1319 Crnsio,

5 1408 12 1429 .
121 1365 178 1429 secl
199 1363 274 1426 aliis
296 1383 419 1445 quoque
441 1361 617 1449 philologis
639 1364 744 1426 fraudi
767 1365 837 1443 tuit,
860 1365 1010 1448 quoniam
1024 1367 1145 1450 partim
1163 1364 1225 1429 hoo

119 1488 294 1551 discrimen
315 1488 352 1548 in
373 1486 560 1550 Atticorum
581 1487 711 1572 seriptis
734 1507 800 1549 non
816 1499 1038 1573 perceperunt,
1053 1489 1173 1574 partim
1187 1489 1224 1552 in

120 1630 229 1674 eorum
253 1620 418 1673 auctorum
441 1631 539 1696 opera
561 1611 680 1672 inferre
703 1621 880 1689 tentarunt,
904 1610 959 1691 qui
982 1613 1095 1693 quibus
1114 1632 1223 1674 saecu-

120 1732 161 1796 m
183 1732 264 1795 ntur
281 1735 352 1816 jam
375 1732 500 1817 prooem
524 1702 742 1795 onamlnm
765 1744 835 1795 erat
856 1733 1015 1796 vixerunt.
1116 1736 1122 1745 ’

251 1853 294 1917 V.
319 1850 393 1919 465.
439 1843 574 1934 ἑλάβασι
596 1856 617 1918 ἰ.
642 1875 671 1936 q.
694 1841 824 1932 ἔλαβαν,
848 1841 972 1934 ἔλαβον.
995 1890 1037 1902 -
1069 1846 1224 1938 φύγανί.

121 1999 148 2041 ..
173 1964 304 2058 noy...
1175 1947 1181 1955 ’

251 2096 295 2161 V.
318 2095 393 2164 400.
439 2092 601 2182 deligamur>
634 2099 721 2182 vulgi
750 2120 840 2162 more
866 2121 925 2187 pro
955 2083 1115 2182 ἀνέμεναν
1142 2105 1164 2168 i.
1194 2128 1222 2171 e,

119 2212 281 2302 ἀνέμενον,
306 2256 346 2269 -
374 2221 550 2303 σκόρπισαν
571 2222 633 2285 hoc
660 2223 730 2285 loco
760 2225 965 2288 intransitive
992 2246 1051 2312 pro
1079 2219 1222 2307 ἕσκορπί.

119 2353 260 2420 σβησαν.
283 2345 528 2409 Intransitivam
550 2343 646 2429 hujus
669 2347 756 2409 verbi
779 2350 1029 2433 usurpationem,
1054 2370 1223 2432 quaeram

119 2479 180 2546 est,
203 2487 380 2532 memorare
401 2468 546 2552 neglexit
569 2467 690 2532 Coraes
717 2462 837 2530 Ἀτακτ.
865 2474 956 2536 Tem.
979 2473 1030 2536 lv
1056 2495 1131 2558 pag.
1156 2474 1221 2537 515

119 2610 145 2651 s.
169 2587 199 2655 h.
222 2610 252 2655 v.
280 2626 324 2638 —
349 2588 458 2671 πῆνγαν
484 2591 536 2655 vel
566 2585 689 2672 ε’·πῆγαν
714 2614 780 2660 aer.
812 2596 900 2660 verbi
925 2586 1027 2678 πάγω.
1077 2596 1128 2660 Cf.
1152 2600 1221 2662 ani·

119 2713 371 2777 madversionenr
393 2714 434 2777 ad
455 2734 536 2779 vers.
561 2712 636 2778 303.

240 2830 290 2899 V.
306 2832 387 2900 ¹467·
431 2821 449 2895 0
472 2824 555 2911 ἥλιος
577 2824 671 2898 loves
693 2839 713 2904 i.
738 2862 766 2903 e.
790 2830 935 2918 ἐδύσατο,
956 2837 1089 2920 κατέδυ,
1112 2844 1141 2906 si
1163 2865 1220 2907 an·
1248 2813 1256 2821 ²

120 2956 279 3037 tiquornm
301 2978 400 3020 nsum
415 2940 551 3044 spectas.
597 2961 706 3047 Vulgo
729 2983 815 3027 nunc
844 2963 905 3028 hac
933 2941 1063 3028 notione
1090 2959 1108 3026 ὁ
1136 2955 1221 3043 ἥλιος

119 3071 307 3156 ἐβασίλευσε
329 3080 449 3160 dicunt,
472 3101 534 3164 qua
557 3084 595 3147 de
620 3106 655 3151 re
677 3107 779 3172 panca
799 3088 950 3152 disseruit
966 3081 1222 3152 Coroes'nroee.

119 3201 208 3263 Turn.
231 3201 266 3264 II
288 3221 360 3286 pag.
383 3201 426 3267 79
448 3217 482 3269 et
509 3207 600 3271 Tem.
628 3209 678 3273 lV
704 3231 779 3298 pag.
806 3210 859 3277 50.
897 3245 941 3259 -
977 3198 1156 3295 ε’κρυβήθη,
1185 3224 1222 3279 ut

117 3343 196 3386 vers.
221 3319 294 3388 408.
484 3318 494 3336 '

249 3444 292 3510 V.
317 3443 392 3512 408.
434 3441 515 3559 μὲν
535 3474 593 3538 per
613 3454 773 3534 synizesin
795 3474 854 3539 pro
875 3447 965 3534 μίαν,
988 3463 1024 3518 ut
1035 3475 1129 3519 versu
1140 3452 1220 3524 322.
1251 3500 1256 3526 .

118 3569 221 3645 Quum
246 3573 399 3635 extremis
426 3570 478 3638 his
502 3587 650 3656 quattuor
671 3575 813 3639 versibus
835 3576 911 3641 inde
938 3598 958 3642 a
985 3580 1089 3642 verbis
1116 3571 1220 3659 φόβον

116 3681 215 3752 πολὺν
236 3686 372 3772 ἐλάβασι
394 3708 466 3759 octo
489 3696 638 3780 legantur
660 3698 791 3780 coristi,
815 3702 928 3783 quibus
950 3724 1048 3766 unum
1070 3705 1218 3789 imperfe-

117 3825 202 3878 ctum
224 3807 389 3895 ἅνήμεναυ
410 3819 590 3881 immixtum
613 3832 677 3900 est,
705 3842 772 3886 non
799 3845 948 3910 possum.
975 3827 1053 3909 quin
1080 3826 1217 3893 Davidis

116 3937 276 4029 quandam
303 3941 487 4027 opinionem
515 3961 775 4022 commemorem,
801 3948 836 4011 in
858 3948 959 4014 Meth.
986 3973 1029 4038 p«
1043 3951 1126 4014 itud.
1150 3951 1172 4015 1.
1196 3952 1218 4018 l

113 4077 165 4140 gr.
195 4060 276 4124 mod.
305 4084 336 4149 p.
367 4061 410 4128 83
438 4066 695 4151 pronuntiatam,
724 4091 804 4153 quae
831 4086 863 4136 ot
890 4095 964 4137 vera
993 4090 1041 4140 est
1069 4088 1101 4140 et
1123 4075 1216 4142 falsa
