2700 4672
1112 158 1117 173 “
1179 187 1249 265 115

142 373 191 436 bis
214 363 381 480 augilasque
403 358 445 433 trio
467 365 538 444 τοὺς
559 363 696 454 acrimonte
719 379 804 459 conj.
827 394 893 440 nur.
916 381 1128 465 praecedente
1140 375 1183 444 tui
1194 385 1248 451 In.
1332 409 1345 423 ⁶

141 494 261 559 finitivi
267 495 464 582 periphrasis
471 509 529 561 est.
553 498 741 562 Notandum
753 518 839 578 vero,
854 519 920 563 non
933 501 1038 566 solum
1049 517 1124 591 post
1136 500 1247 582 ἐλπίζω

131 629 174 681 et
182 617 415 699 similiaverba,
424 639 608 714 quaeperse
614 625 685 705 Jam
694 621 995 705 indicantiuturum,
1003 627 1060 690 sed
1068 629 1166 693 etiam
1173 642 1248 718 post

128 739 217 822 alia,
231 742 342 823 quibus
350 740 510 827 prociundi,
522 739 964 829 masticandicoujectaudi,
975 745 1110 813 dicendi
1121 752 1246 837 siguifi-

139 864 226 927 cotio
238 876 370 945 esttum,
385 885 480 945 quum
493 886 545 928 res
559 868 665 929 sutura
676 864 874 948 designatur,
888 889 929 929 ex
941 870 1077 951 quinque
1087 872 1153 938 illis
1163 887 1245 939 stru-

139 984 346 1067 cturis‚quae,
358 988 411 1050 ubi
420 987 603 1052 infinitivus
616 1008 636 1052 a
647 989 808 1052 scribente
820 987 958 1073 elegitur
969 992 1004 1054 in
1016 1003 1121 1057 vetere
1133 995 1245 1080 lingua

126 1110 280 1191 usitatae
303 1122 387 1191 sunt,
411 1109 490 1176 duas
513 1109 616 1173 solum
639 1111 674 1173 in
698 1110 879 1175 citeriorem
903 1112 1118 1178 Graecitatem
1142 1126 1245 1183 trane-

137 1232 223 1295 iirse.
271 1233 365 1308 Quod
387 1245 422 1296 ut
444 1232 562 1296 rectius
584 1234 808 1319 perspiciatur,
831 1236 969 1316 quinque
993 1233 1074 1300 haec
1093 1232 1245 1320 loquendi

138 1375 267 1438 genera,
291 1375 371 1436 quae
393 1368 467 1443 post
488 1355 548 1419 illa
568 1356 665 1419 verba
687 1356 723 1417 in
745 1357 877 1437 antiquo
900 1377 1049 1422 sermone
1065 1358 1244 1430 locumha·

137 1479 212 1542 bere
240 1489 392 1564 possunt,
419 1497 660 1557 enumeremus,
687 1487 802 1565 postea
828 1477 969 1544 novitiae
998 1479 1129 1565 linguae
1151 1504 1244 1550 usum

137 1600 352 1688 explanaturi.
399 1602 491 1676 Quae
514 1600 564 1664 vel
587 1600 682 1664 certis
704 1620 811 1663 rerum
823 1602 939 1682 causis,
952 1602 1003 1665 vel
1018 1603 1152 1669 incertis
1169 1625 1244 1671 con-

132 1723 281 1808 jecturis,
304 1722 355 1786 vel
376 1723 593 1809 probabilibus
618 1723 819 1806 argumentis
842 1723 930 1788 ducti
959 1725 1066 1789 lutura
1087 1747 1158 1792 esse
1179 1740 1243 1794 sta·

137 1847 274 1927 tuimur,
301 1865 340 1910 ea
370 1843 632 1947 Graeci'veteres
655 1857 711 1909 eut
731 1866 791 1933 pro
813 1846 863 1910 rei
885 1847 1004 1934 ipsius,
1033 1852 1244 1930 quaebiutura

136 1981 196 2050 est,
220 1969 420 2050 diversitate,
442 1981 498 2034 aut
520 1990 579 2056 pro
602 1966 769 2033 hominum
799 1989 870 2032 eam
901 1971 1113 2055 cogitantium
1141 1973 1242 2039 diver·
1341 1965 1342 1968 ¹

134 2092 181 2155 sis
212 2092 417 2178 opinionibus
447 2093 496 2155 sic
522 2093 647 2156 variata
681 2090 832 2173 loquendi
860 2093 987 2158 rationo
1020 2095 1173 2178 efferunt,
1207 2109 1242 2162 ut

136 2213 231 2278 modo
263 2211 349 2276 nihil
381 2213 586 2296 eloquantur,
622 2212 688 2275 nisi
721 2213 900 2299 simplicem
933 2217 1032 2280 luturi
1065 2220 1241 2301 notionem,

136 2337 230 2402 modo
253 2337 298 2417 id,
322 2337 405 2418 quod
428 2349 581 2418 tanquam
593 2337 733 2398 futurum
744 2336 945 2422 proponitur,
963 2359 1003 2400 ex
1017 2339 1151 2404 fortuita
1167 2360 1242 2423 qua·

136 2461 223 2525 dam·
234 2460 420 2524 conditione
447 2460 513 2523 sive
537 2469 713 2522 memorata
741 2434 808 2522 sive
837 2458 1006 2525 subaudita
1032 2463 1240 2549 suspendent,

136 2583 231 2647 modo
254 2595 440 2646 eventurum
463 2582 583 2663 aliquid
605 2581 723 2668 potius,
747 2600 842 2660 quem
871 2600 938 2645 non
960 2593 1148 2647 eventurum
1170 2605 1240 2651 esse

135 2707 175 2770 ob
198 2706 294 2790 signa
316 2706 521 2785 rationesque
543 2705 695 2768 indicent
746 2703 799 2766 Ac
820 2721 935 2791 perse
959 2705 1085 2786 quidem
1106 2708 1240 2771 manile-

133 2840 217 2892 stum
246 2839 312 2908 est,
341 2829 370 2892 si
398 2828 495 2892 certis
522 2847 630 2890 rerum
658 2827 764 2890 causis
792 2827 932 2913 permoti
954 2828 1096 2891 futurum
1117 2827 1239 2912 aliquid

134 2953 310 3030 credamus,
333 2951 457 3015 nullam
480 2950 601 3032 requiri
622 2949 721 3014 aliam
737 2953 936 3034 juncturam,
950 2969 1044 3033 quam
1062 2971 1143 3031 quae
1165 2952 1240 3018 sim-

120 3073 249 3159 ›plicem
285 3074 384 3136 iuturi
418 3074 572 3159 temporie
604 3073 767 3137 notionem
796 3073 977 3154 contineat,
1007 3071 1093 3137 hanc
1120 3040 1241 3149 autemj

134 3196 190 3257 ubi
218 3193 396 3256 infinitivus
426 3195 627 3257 necessarius
654 3197 714 3274 sit,
749 3196 848 3259 futuri
875 3194 1036 3258 infinitivo
1063 3195 1238 3260 enuntiari.

133 3315 244 3398 Neque
271 3317 378 3380 minus
408 3315 540 3402 planum
569 3327 632 3397 est,
660 3317 690 3380 si
717 3317 852 3382 incertis
880 3319 1024 3382 nitamur
1047 3316 1239 3402 conjecturis

118 3449 229 3520 eatque
251 3438 332 3502 illud
354 3440 463 3504 animo
487 3440 740 3521 consideremus,
763 3440 846 3524 quod
869 3449 925 3504 aut
946 3440 1073 3503 eveniet
1094 3451 1150 3502 eut
1172 3457 1239 3502 non

132 3562 268 3640 eveniet,
290 3575 386 3647 prout
409 3564 484 3643 ista,
506 3584 547 3625 ex
570 3583 632 3643 qua
654 3562 735 3626 illud
756 3552 997 3649 suspendimus,.
1014 3559 1155 3623 conditio
1167 3569 1239 3623 rata

132 3684 230 3747 luerit
252 3683 302 3746 vel
324 3683 429 3764 imita,
453 3694 522 3747 tum
543 3681 593 3746 vel
614 3684 731 3746 coristi
757 3682 808 3746 vel
834 3681 1015 3769 praesentis
1037 3678 1239 3744 Infinitivum

131 3806 244 3869 addita
266 3805 426 3892 particula
447 3791 490 3864 ‹b›
511 3807 551 3869 ob
578 3805 772 3869 senteutiam
800 3803 967 3891 postulari.
1020 3805 1111 3878 Quae
1138 3800 1239 3890 parti-

117 3927 205 3992 cula
227 3947 324 4009 quum
345 3928 394 3992 rei
416 3930 499 3993 torte
522 3929 699 3993 evenientis
722 3927 821 3992 iudex
842 3928 904 4001 sit,
926 3935 1032 4013 patet,
1059 3920 1145 3986 nihil
1172 3942 1240 3986 me·

133 4070 274 4137 gnopere
295 4051 462 4132 interesse,
484 4063 593 4116 utrum
615 4051 675 4116 teli
698 4047 916 4117 enuntiationi
943 4048 1061 4118 diserte
1083 4045 1240 4131 adjunga-

133 4184 189 4236 tur
211 4173 364 4256 conditio‚
387 4193 431 4240 an
454 4174 632 4255 omittatur,
657 4175 743 4256 qula,
766 4173 894 4239 etiamsi
916 4184 983 4234 non
999 4187 1239 4260 expresserun-

939 4291 961 4357 g
978 4288 996 4330 a
