2700 4672
1109 231 1206 283 XXXV

98 393 232 470 cultata
257 392 427 495 legendos
453 394 617 471 omnihus
647 394 695 468 ita
720 395 921 472 necessaria
951 397 1106 474 novitiae
1137 399 1203 474 lin-

99 553 191 627 guae
221 527 369 602 scientia
399 537 471 617 est,
501 529 644 624 atejus
669 526 842 626 ignoratio
874 554 955 602 cum
984 554 1112 630 magno
1143 530 1203 605 de-

97 659 266 735 trimento
292 660 480 757 conjuncta
506 658 564 735 sit
612 656 733 735 Primo
757 658 837 734 loco
862 660 908 734 de
932 659 1134 749 scholiastis
1166 672 1203 737 et

97 787 519 891 lrypomnematographis
555 788 690 888 loquar.
746 789 911 888 Quorum
946 791 1053 867 lectio
1092 821 1202 894 quum

97 921 284 997 utilissima
310 921 500 1022 philologis
526 920 670 996 sitnon
695 920 802 994 modo
828 921 874 995 ad
897 920 1004 1012 illum,
1023 923 1085 1020 qui
1109 923 1201 998 sorte

82 1051 302 1152 explicatur,
327 1062 507 1130 auctorem
531 1061 630 1127 recte
656 1051 915 1152 accipiendum,
946 1052 1012 1126 sed
1042 1053 1088 1125 ad
1117 1045 1201 1129 alio·

95 1209 173 1259 rum
199 1184 303 1261 etiarn
329 1184 542 1284 scriptorum
567 1183 665 1262 locos
690 1182 956 1284 intelligendos,
990 1183 1051 1282 qui
1076 1209 1201 1285 saepe·
1294 1161 1302 1168 ⁸

71 1288 243 1391 ¹nurnero
268 1314 383 1416 ipsius
415 1315 570 1393 auctoris
604 1315 745 1389 nomine
770 1339 967 1414 suppresso
997 1316 1201 1393 memoriter

97 1445 266 1525 citantur:
291 1446 482 1522 dolendrmr
508 1455 578 1534 est,
599 1471 734 1544 paucos
767 1444 916 1521 edendis
948 1446 1201 1546 expurgandis·

96 1603 166 1676 que
197 1577 255 1654 his
286 1577 506 1655 Graecorum
536 1576 825 1653 adnotationibus
862 1587 899 1651 et
937 1578 1198 1654 commentariis

95 1735 235 1785 manum
275 1708 486 1787 admovisse.
553 1707 604 1781 Ar
643 1707 748 1784 valde
782 1707 893 1782 distat
929 1705 1199 1801 scholiasterum

94 1840 275 1917 scribendi
300 1867 415 1941 genus
440 1867 458 1915 a
484 1838 644 1917 floreatis
670 1839 749 1915 aevi
766 1839 968 1939 graecitate.
1020 1837 1144 1936 Quare
1162 1840 1199 1915 in

93 1968 221 2049 horum
250 1970 421 2073 loquendi
450 1970 610 2049 formulis
641 1971 820 2047 interdum
854 1970 960 2045 etiam
985 1996 1111 2069 graece
1136 1971 1199 2044 do·

95 2113 173 2181 ctos
198 2103 360 2181 homines
375 2102 559 2192 haesisse,
582 2102 711 2179 merito
736 2103 784 2179 ait
808 2100 999 2203 Ernestius
1029 2101 1067 2177 in
1098 2128 1199 2201 prae

94 2235 226 2310 latione
251 2235 297 2311 ad
320 2235 572 2335 Aristophanis
597 2235 721 2311 nubes.
773 2233 932 2309 Omnino
952 2242 1069 2305 auteur
1089 2230 1198 2307 dictio

94 2365 374 2455 scholiastarum,
400 2368 462 2466 qui
486 2365 773 2465 Aristophanem,
805 2362 1033 2463 Aeschylum,
1058 2362 1199 2463 Sopho-

94 2498 194 2587 clem,
219 2486 439 2598 Euripidem,
463 2470 668 2580 Pindarum,
685 2494 889 2584 Homerum,
911 2493 1197 2594 Lycoplrronem,

93 2629 315 2732 Nicandrum
340 2629 500 2728 aliosque
526 2627 720 2726 scriptores
747 2625 990 2723 explanarunt,
1023 2625 1197 2721 ejusmodi

95 2771 162 2850 eet,
189 2770 227 2835 ut
252 2771 401 2862 propter
415 2756 665 2836 vocabulorum
684 2767 721 2830 et
738 2754 919 2854 plrrasium
935 2752 1197 2831 multitudinem

95 2891 139 2970 ed
164 2893 339 2969 interioris
365 2892 491 2969 aetatis
523 2889 750 2992 graecitatem
781 2886 1034 2986 pertinentium
1066 2886 1110 2961 iis
1142 2914 1198 2962 ca-

95 3034 160 3125 ptu
178 3023 336 3099 difficilis
361 3024 534 3108 rideatur,
561 3019 623 3121 qui
648 3021 723 3097 sola
749 3020 915 3119 antiquae
933 3018 1105 3093 Graeciae
1122 3046 1197 3094 mo-

95 3164 262 3229 numenta
288 3182 392 3227 manu
417 3180 560 3231 versare
586 3162 859 3228 consueverunt.
915 3149 977 3225 Ob
1008 3151 1102 3222 hauc
1132 3150 1197 3248 igi·

94 3296 156 3363 tur
186 3285 361 3361 sermonis
393 3284 651 3375 difficultatem,
683 3311 775 3385 quae
806 3281 929 3357 lexicis
958 3281 1093 3357 nostris
1124 3306 1198 3357 non

89 3417 241 3508 tollitur,
260 3428 298 3493 et
322 3417 368 3491 ob
393 3444 585 3520 nugarum,
601 3443 693 3515 quae
718 3417 755 3488 in
771 3414 916 3490 scholiis
933 3413 1113 3520 leguntur,
1125 3437 1198 3486 non

96 3553 258 3651 exiguum
278 3577 461 3627 numerum
482 3549 583 3624 multi
595 3546 806 3623 scholiastae
825 3545 1005 3645 negligere
1024 3568 1130 3641 quam
1149 3541 1198 3615 le·

66 3774 72 3781 ·
96 3708 179 3783 gere
196 3682 339 3756 malunt.
374 3681 509 3760 Verum
536 3706 626 3778 quae
646 3679 690 3753 ad
708 3703 776 3752 nos
797 3683 1036 3776 pervenerunt
1052 3671 1197 3760 scholia,

95 3813 180 3889 licet
197 3815 347 3888 maxima
365 3822 526 3915 exparte
543 3820 709 3913 excerpta
728 3810 800 3885 sint
819 3835 862 3882 ex
882 3801 1197 3905 praestantissimis

97 3945 294 4034 doctorum,
308 3946 443 4045 quisnb
451 3944 663 4020 Ptolemaeis
671 3943 844 4028 vixerunt,
852 3940 1007 4016 rirorum
1022 3960 1200 4011 commen·

84 4079 198 4153 -tariis
211 4087 330 4155 tamen
346 4076 427 4176 qnia
444 4074 635 4150 admixtam
651 4075 785 4149 habent
801 4071 907 4145 medii
926 4070 1006 4146 aevi
1032 4068 1200 4142 lalsernm

99 4210 305 4317 opinionum
318 4207 538 4310 farraginem,
559 4205 783 4307 eamindicio
800 4215 838 4281 et
863 4203 1034 4293 acumine,
1050 4211 1100 4295 ,ut
1116 4222 1200 4280 vera

670 4327 674 4339 '
851 4338 864 4370 a
878 4343 893 4378 a
906 4340 921 4377 r
935 4336 958 4405 2
