2700 4672
117 213 197 263 XX.

1070 324 1079 353 0

118 383 272 470 fuerunt,
284 373 463 452 interdum
488 400 562 451 non
585 373 766 477 refugiunt
780 400 899 466 voces,
918 375 1068 477 phrases
1087 386 1124 451 et
1145 380 1225 476 jun·

119 524 238 591 cturas
253 515 371 587 minus
388 508 579 610 elegantes.
621 509 756 583 llarum
782 508 939 583 omnium
956 509 1058 608 quasi
1074 510 1226 587 obrussa

118 656 262 750 praeter
274 653 436 722 veterum
453 641 759 744 grammaticorum
778 641 1024 716 auctoritatem
1047 644 1228 720 recentior

119 778 293 884 graecitas
307 786 372 852 est.
389 775 532 851 Etenim
545 774 602 852 vel
616 774 833 849 eruditorum
847 800 966 850 sermo
984 774 1042 851 vel
1062 775 1156 880 vulgi
1173 777 1228 854 lo-

120 913 225 1014 quela
237 910 327 985 ta'les
340 907 482 983 dicendi
493 908 618 982 modos
630 907 785 982 retinuit.
803 905 947 1007 Quodsi
960 907 1227 1011 aliacloquendi

121 1043 292 1120 formulae
308 1038 404 1115 idem
420 1040 672 1140 significantes,
699 1064 790 1139 quae
810 1039 893 1113 olim
914 1042 1137 1135 exstiterunt,
1153 1071 1228 1119 non

121 1176 272 1278 amplius
297 1173 335 1247 in
359 1198 428 1247 usu
453 1181 549 1262 sunt,
574 1171 718 1245 minime
743 1172 934 1246 obscurum
959 1184 1026 1265 est,
1045 1201 1116 1267 eas,
1135 1203 1227 1276 quae

121 1335 218 1384 nuuc
242 1314 453 1407 supersunt,
478 1304 572 1404 apud
606 1304 774 1403 antiquos
805 1330 871 1405 pro
903 1305 1053 1407 plebejis
1085 1307 1225 1384 habitas

122 1469 214 1518 esse.
263 1440 305 1515 Si
328 1465 415 1517 vero
441 1446 583 1538 praeter
605 1435 707 1526 tales,
734 1436 778 1510 de
805 1438 935 1536 quibus
959 1440 1106 1541 agimus,
1129 1440 1227 1516 locu-

120 1576 238 1651 tiones
258 1572 345 1646 aliae
359 1596 504 1671 quoque
517 1569 623 1643 hodie
636 1570 788 1645 usitatae
804 1581 889 1645 sunt
902 1572 1118 1663 urbaniores,
1130 1572 1226 1646 idem

123 1707 325 1795 discrimen,
335 1700 719 1803 quodinterlrashodie
731 1702 1146 1805 intercedit,plerumque
1156 1708 1227 1805 jam

121 1851 285 1920 veterum
309 1861 396 1912 aevo
422 1834 496 1909 fuit
547 1834 696 1936 Optime
716 1846 834 1910 autem
852 1834 1047 1936 Phrynichi
1065 1837 1229 1912 aliorum-

124 1998 195 2072 que
220 1969 541 2045 Grammaticorum
566 1968 612 2043 dc
637 1968 812 2043 sermonis
839 1969 1003 2044 castitate
1018 1969 1148 2070 judicia
1166 1998 1229 2045 no-

123 2113 220 2180 strae
245 2100 371 2176 aetatis
395 2100 567 2201 loquendi
597 2127 697 2175 more
723 2101 985 2178 confirmantur.
1040 2102 1228 2205 Quidquid

124 2236 262 2312 scilicet
294 2233 524 2309 Grammatici
554 2244 725 2334 tanquam
754 2235 937 2336 inelegans
968 2235 1153 2326 damnant,
1190 2237 1227 2310 id

123 2377 247 2444 nostra
270 2367 441 2440 memoria
465 2365 560 2467 apud
584 2366 725 2468 plebem
740 2368 1012 2442 usitatissimum
1030 2377 1104 2459 est,
1127 2367 1230 2468 quid-

125 2500 212 2601 quid
236 2510 405 2598 tanquam
429 2526 558 2600 purum
584 2497 881 2595 emendatumque
898 2497 1158 2588 commendant,
1180 2498 1229 2589 id,

125 2634 157 2709 si
188 2658 284 2707 nunc
317 2658 463 2733 quoquc
493 2632 755 2732 frequentatur,
786 2627 913 2704 eodem
942 2630 1049 2705 modo
1080 2630 1125 2705 ab
1150 2629 1230 2706 aliis

125 2767 242 2866 iisque
267 2766 479 2841 subrusticis
504 2762 675 2863 loquendi
701 2760 902 2859 generibus,
919 2771 960 2836 ut
977 2761 1072 2862 apud
1087 2772 1231 2839 veteres

126 2884 367 3000 distinguitur.
415 2895 544 2971 Paucis
570 2893 742 2993 defungar
765 2891 948 2993 exemplis.
1002 2893 1126 2970 Verbo
1150 2919 1233 2992 χιο-

125 3032 252 3125 ,νίζειη
278 3057 350 3132 quo
375 3025 581 3103 Herodotus
606 3050 695 3100 usus
719 3033 785 3114 est,
811 3023 892 3099 ideo
919 3026 1086 3102 ridentur
1106 3027 1233 3103 lloren·

126 3164 175 3242 tis
200 3161 381 3240 Atticismi
411 3166 575 3232 auctores
607 3156 823 3232 abstinuisse
854 3185 894 3232 ac
926 3185 992 3260 pro
1024 3187 1066 3236 eo
1098 3161 1234 3237 dixisse

128 3297 259 3394 νίφειν,
284 3290 381 3391 quod
406 3288 493 3363 illud
512 3288 629 3365 minus
648 3300 838 3368 venustum
854 3292 1044 3370 videretur.
1094 3292 1232 3368 Verum

128 3434 321 3529 postquam
335 3446 446 3521 purus
461 3419 521 3494 ille
529 3422 741 3500 Atticismus
748 3424 904 3519 interiit,
921 3425 1117 3525 Diogenem
1124 3422 1234 3497 Laer-

128 3559 218 3632 tium
241 3552 337 3626 idern
361 3578 555 3655 usurpasse
579 3555 752 3633 videmus.
801 3556 918 3631 Hodie
942 3566 1060 3630 antem
1084 3553 1172 3629 nihil
1196 3555 1235 3630 in

14 3679 15 3684 ¹
130 3685 281 3762 Graecia
305 3685 471 3762 usitatius
498 3698 563 3779 est,
590 3717 695 3789 quam
719 3687 899 3785 graviter.
938 3686 1140 3797 Menander
1161 3695 1244 3791 pri.

102 3882 106 3887 .
130 3847 193 3918 ρος
217 3816 306 3893 dixit
329 3845 395 3918 pro
412 3818 554 3909 κύκλος
570 3821 790 3922 vituperatus
808 3819 889 3894 ideo
913 3819 1127 3930 Phrynicho.
1152 3819 1239 3899 Fuit

132 3950 227 4025 enim
251 3924 372 4054 piique
395 3978 466 4029 vox
488 3953 605 4027 minus
625 3953 777 4054 elegans.
826 3950 967 4026 Pariter
982 3952 1089 4028 hodie
1108 3953 1239 4029 Graeci

132 4082 178 4157 de
213 4082 282 4158 boc
317 4084 490 4162 vocabulo
526 4085 693 4182 judicant
741 4082 914 4185 Magnum
947 4085 1053 4186 hujus
1095 4087 1239 4187 generis

132 4217 374 4320 exemplorum
397 4241 584 4291 numerum
609 4243 654 4292 cx
677 4214 785 4296 variis
809 4216 1044 4318 scriptoribus
1068 4217 1128 4292 hic
1153 4245 1240 4294 con-
