2700 4672
1117 238 1180 289 le

72 409 168 484 deas.
218 407 373 484 Proinde
399 368 542 508 ffldo
570 405 724 484 breviter
747 408 825 482 fieri
856 418 1011 509 poterat,
1044 409 1181 500 Corsis,

70 540 262 632 Rusiadae,
295 539 474 641 Ducaogii
506 538 741 641 aliorumque.
758 550 872 615 errata
902 542 941 614 in
971 551 1181 617 transcursu

70 673 230 751 refutavi.
281 671 336 748 Cs.
364 671 485 747 adnot·
510 672 555 746 ad
578 699 634 750 vv.
663 652 743 761 158,
768 675 850 765 240,
877 677 947 748 103
972 673 1079 748 etde
1105 674 1183 748 Du·

72 805 187 908 cangii
212 805 392 881 erroribus
424 803 585 878 Indicem
610 804 833 904 scriptorum.
884 805 1051 880 Crusium
1077 815 1113 880 et
1138 805 1183 882 ll.-

71 937 215 1040 genium
239 962 418 1036 nusquam
442 935 631 1014 confutavi.
680 934 756 1012 Sed
781 946 822 1012 ut
846 937 1071 1011 ostenderem
1096 963 1183 1037 quo-

71 1070 179 1144 modo
203 1069 344 1144 intuto
369 1067 634 1144 Commentario
660 1067 850 1144 scribendo
872 1078 1037 1145 versatus
1055 1093 1183 1158 essem,

71 1202 103 1277 si
132 1201 321 1302 pristinum
352 1182 538 1276 consilium
569 1201 675 1302 sequi
698 1199 785 1274 mihi
811 1226 1024 1276 concessum
1042 1200 1181 1280 fuisset.

71 1333 251 1437 longiores
277 1334 385 1409 etiam
409 1333 658 1408 adnotationes
689 1332 789 1408 velut
819 1334 865 1408 ad
895 1361 952 1411 vv.
985 1335 1067 1423 103,
1099 1334 1182 1421 ⁶263,

14 1542 17 1546 s
73 1468 156 1556 464,
183 1467 254 1540 468
279 1465 402 1565 adjeci.
452 1467 642 1542 Caeterum
666 1474 861 1565 pestutum
879 1464 1183 1541 Commentarinm
1277 1468 1283 1485 ’

73 1597 319 1674 demonstrare
355 1597 458 1672 nisus
502 1622 611 1688 sum,
635 1592 816 1697 quomodo
853 1597 1091 1671 recentiorum
1131 1596 1183 1670 lo-

75 1727 209 1830 quendi
234 1727 456 1804 consuetudo
481 1727 649 1830 paulatim
681 1738 758 1804 orta
783 1730 840 1804 sit.
897 1727 1036 1802 Idcirco
1062 1737 1099 1804 et
1124 1754 1184 1801 an·

75 1862 167 1963 tiqui
206 1871 243 1936 et
278 1860 388 1935 medii
424 1861 502 1938 aevi
538 1870 703 1937 auctores
741 1858 891 1938 laudavi.
949 1858 1033 1960 Qua
1071 1860 1110 1968 in
1144 1887 1184 1934 re

75 2004 245 2070 nontam
270 1993 307 2067 id
332 1993 405 2094 egi,
430 2003 471 2069 ut
496 1993 712 2094 singularum
738 1991 880 2068 dicendi
904 1991 1094 2067 formarum
1125 2019 1185 2066 an-

75 2127 313 2226 tiquissimos,
359 2125 425 2200 sed
463 2125 682 2202 certissimos
719 2135 884 2201 auctores
922 2125 1078 2201 citarem.
1127 2124 1187 2200 Fit

77 2257 171 2331 enim
194 2284 448 2358 nonnunquam
474 2267 515 2332 ut
540 2284 632 2357 quae
655 2257 760 2333 nobis
785 2257 982 2360 probabilia
1006 2258 1184 2347 videntur,

77 2389 122 2462 de
155 2388 198 2462 iis
236 2389 295 2462 alii
328 2389 432 2466 valde
467 2387 648 2480 dubitent,
678 2389 750 2464 nisi
778 2399 939 2464 nostram
972 2389 1185 2463 sententiam

77 2520 200 2596 multis
230 2521 450 2622 argumentis
482 2531 654 2597 tueamur.
710 2519 822 2619 Quod
857 2547 903 2594 ne
938 2520 1055 2610 nobis,
1080 2520 1184 2594 unice

76 2652 261 2728 brevitatis
286 2651 469 2741 studiosis,
494 2649 695 2726 faciendam
721 2662 828 2741 esset,
855 2652 1095 2752 antiquiorum
1127 2677 1187 2724 au·

78 2796 215 2860 ctorurn
239 2783 319 2860 loco
344 2785 564 2885 posteriores
584 2782 798 2884 quandoque
814 2781 1043 2859 laudavimus.
1071 2781 1185 2856 Porro

79 2916 245 3016 quoniam
271 2917 417 2995 evidens
445 2926 510 3006 est,
537 2911 600 2991 eos
627 2915 689 3016 qui
713 2941 840 2991 novam
861 2915 1013 3014 aliquam
1030 2915 1186 3018 linguam

78 3047 267 3122 addiscant
298 3049 440 3149 saepius
473 3048 601 3123 iisdem
634 3047 679 3122 de
710 3049 817 3122 rebus
855 3045 1054 3122 monendos
1094 3073 1185 3136 esse,

80 3179 162 3280 quia
186 3179 272 3253 licet
296 3179 534 3254 sollertissimi
557 3181 689 3280 ingenii
721 3191 758 3254 et
782 3180 1030 3254 tenacissimae
1054 3204 1187 3253 memo-

72 3312 151 3386 'riae
183 3309 271 3401 sint,
302 3320 421 3384 tamen
451 3335 525 3385 non
557 3311 673 3385 omnia
703 3312 814 3386 semel
845 3311 962 3386 audita
1000 3311 1058 3389 vel
1095 3310 1188 3385 lecta

80 3446 131 3518 sic
156 3442 367 3544 percipiunt,
392 3453 530 3519 utnon
555 3443 824 3520 obliviscantur:
845 3445 1037 3519 amicorum
1062 3454 1188 3546 rogatu

80 3576 296 3652 commoveri
320 3601 378 3651 me
403 3603 532 3677 passus
560 3603 655 3666 suna,
686 3587 727 3650 ut
751 3574 796 3648 ad
827 3576 966 3674 priores
999 3573 1187 3649 Commen-

79 3709 159 3783 tarii
184 3708 431 3786 adnotationes
456 3709 496 3782 in
520 3707 772 3809 sequentibus,
803 3704 972 3794 lectores,
1005 3705 1066 3779 ubi
1098 3732 1188 3806 opus

79 3840 268 3929 videretur,
293 3841 485 3940 rejicerem.
536 3839 616 3949 lam
653 3848 694 3912 ut
731 3839 853 3938 iniqua
886 3836 1106 3946 quorundam
1137 3843 1190 3938 ju·

10 4057 12 4065 ¹
81 3971 173 4046 dicia
198 3996 271 4044 non
295 3982 425 4061 metuo,
451 3974 500 4044 ita
523 3946 734 4073 pffirsuasum
759 3970 884 4058 habeo,
910 3970 1045 4070 peritos
1072 3980 1109 4047 et
1134 3997 1191 4046 ae·

84 4128 174 4203 quos
206 4102 342 4201 judices
376 4102 412 4174 in
443 4100 512 4176 laoc
551 4100 816 4178 Commentario
854 4113 1059 4204 reperturos
1097 4128 1189 4192 esse,

84 4261 175 4335 quae
201 4245 238 4310 et
262 4261 356 4313 nova
382 4234 470 4326 sint,
497 4242 534 4309 et
560 4235 711 4310 certiora
737 4261 777 4308 ac
803 4235 941 4312 veriora
968 4262 1073 4337 quam
1099 4261 1190 4334 quae
