2700 4672
1182 241 1250 311 117

143 439 216 486 rum
237 418 423 485 discrimine
444 431 570 486 servato
592 420 622 487 is
646 421 739 503 dicit,
762 424 813 488 cui
835 427 942 491 varias
970 430 1009 493 ob
1032 449 1146 497 causas
1171 453 1243 520 pro.

142 543 246 609 babile
268 532 401 624 videtur,
425 543 562 609 alterum
582 545 776 631 scripturum
802 569 888 628 esse,
919 552 1036 615 mirum
1063 564 1242 640 putaturus,

140 666 171 730 si
193 685 260 730 non
282 667 445 730 scriberet
496 666 628 732 Diutius
650 666 726 731 huic
748 683 937 752 argumento
964 678 1154 760 exponendo
1182 680 1241 743 im-

138 800 283 853 moratus
304 811 391 870 sum,
416 788 499 871 quod
520 791 582 852 etsi
603 788 763 875 philologi
784 792 905 877 passim
933 796 1109 878 attigerunt
1138 801 1186 880 (v.
1211 823 1238 865 c.

138 911 176 974 G.
199 911 403 975 Hermannus
426 911 467 974 ad
493 903 670 997 Sophaj.
693 910 1238 993 v.1061‚BremiussdDem0sth.
1312 915 1314 923 ἐ

136 1032 271 1114 Olynth.
296 1022 326 1092 α’
350 1024 422 1117 (γ’)
445 1031 463 1120 ψ
486 1024 531 1110 ς’,
553 1032 759 1098 Heindorfius
783 1037 824 1099 ad
847 1036 933 1101 Plat.
955 1037 1123 1105 Phaedon.
1155 1043 1237 1122 §32

134 1166 168 1218 et
189 1156 321 1241 Protag.
346 1159 363 1236 ψ
388 1156 445 1239 19,
475 1138 629 1239 aquibus
651 1157 800 1243 exempla
821 1160 889 1246 peti
911 1163 1067 1245 possunt)
1093 1183 1161 1228 non
1189 1177 1237 1231 ta-

134 1298 208 1342 rnen
230 1282 278 1344 sic
301 1282 341 1344 ab
364 1280 657 1366 aliisexplicatum
679 1281 825 1357 invenio,
856 1292 893 1343 ut
914 1281 997 1347 milri
1028 1286 1128 1350 otium
1154 1289 1235 1354 lece-

133 1403 211 1464 rint.
255 1402 307 1466 Ex
329 1404 467 1485 quinque
490 1401 558 1466 illis
579 1401 730 1482 loquendi
752 1403 855 1466 modis
877 1404 955 1467 duos
973 1408 1109 1471 retinuit
1126 1429 1234 1474 recen·

132 1525 196 1588 tior
218 1508 395 1590 Graecitasl
445 1525 562 1607 Liquet
596 1537 718 1604 autern,
753 1545 848 1606 quum
880 1511 922 1585 clv
954 1527 1034 1591 illud
1068 1522 1233 1608 δυιηπιιιέν

130 1650 306 1727 evanuerit,
330 1669 425 1729 quum
447 1668 545 1734 porro
567 1649 718 1727 antiquae
741 1647 843 1711 futuri
862 1651 1015 1734 temporis
1036 1652 1158 1717 formae
1180 1658 1233 1719 ob·

129 1768 292 1833 litteratae
313 1772 398 1850 sint,
422 1790 517 1854 quum
544 1771 684 1852 denique
712 1770 893 1834 infinitivus
921 1783 1062 1837 veterum
1089 1775 1125 1837 in
1154 1776 1232 1841 obli·

130 1892 255 1956 vionem
281 1894 415 1975 abierit,
452 1906 515 1957 nee
539 1893 606 1957 nisi
635 1866 919 1957 circumlocutione
951 1913 973 1957 a
1000 1898 1231 1962 recentioribus

128 2018 197 2098 ejus
218 2036 330 2080 sensus
352 2018 545 2103 proseratur,
568 2014 630 2079 hoc
651 2016 764 2079 solum·
778 2037 819 2080 ex
835 2016 974 2103 pristina
992 2018 1086 2104 copia
1101 2020 1231 2107 inopiae

127 2136 278 2200 solatium
300 2159 478 2224 superesse,
501 2137 585 2218 quod
607 2137 762 2201 infinitivi
788 2138 1086 2205 circumlocutiones
1103 2140 1158 2207 hic
1175 2143 1229 2206 ad-

126 2256 237 2323 hibere
258 2259 342 2324 licet.
395 2263 609 2336 Quamobrem
631 2272 762 2323 nostrae
785 2262 957 2324 memoriae
977 2260 1093 2326 Graeci
1110 2264 1230 2351 duplici

126 2382 219 2444 modo
249 2383 285 2444 in
314 2383 374 2446 tali
404 2403 500 2446 eausa
528 2381 716 2462 loquuntur,
745 2392 801 2444 aut
828 2350 943 2453 ἐλπίζά
959 2371 1002 2440 nd
1022 2373 1150 2466 γράψῃ,
1173 2400 1229 2450 aut

126 2495 236 2576 ἐλπίζω
258 2495 302 2564 nol
321 2498 430 2587 γράφῃ
453 2506 605 2569 dicentes.
658 2505 750 2579 Quae
777 2522 853 2566 cave
875 2523 918 2566 ne
941 2501 1027 2568 nihil
1048 2504 1228 2572 aliudesse

126 2611 248 2707 credas,
272 2649 367 2709 quarn
390 2627 475 2691 hanc
499 2626 659 2712 duplicem
686 2637 828 2689 veterum
851 2625 977 2688 dicendi
999 2626 1160 2691 rationem
1181 2624 1229 2687 ἐλ.

124 2741 201 2824 πίζω
224 2739 321 2811 αὐτὸν
339 2738 468 2832 γράψαι
488 2763 521 2814 et
549 2740 659 2821 ἐλπίζω
681 2737 779 2808 αὐτὸν
799 2735 943 2828 γράφειν.
996 2746 1126 2812 Etenim
1153 2768 1229 2830 quo.

124 2873 213 2935 niam
246 2875 450 2956 antiquorum
484 2875 625 2936 futurum
659 2858 777 2952 γράψω
811 2868 983 2955 dupliciter
1016 2889 1075 2955 pro
1108 2869 1228 2957 duplici

99 2997 262 3059 ‘actionis
284 3010 410 3076 natura,
434 2998 472 3059 de
496 3017 557 3077 qua
581 2996 667 3073 dixi,
690 2994 727 3055 in
749 2992 853 3056 nostri
881 2991 1035 3078 temporis
1063 2991 1227 3055 Graecita-

123 3130 189 3180 tem
212 3121 404 3181 transfertur
425 3111 511 3188 θέλω
533 3106 650 3196 γράψει
672 3107 778 3194 (βέλει
800 3091 933 3196 γράψω,
962 3103 1004 3183 &l
1026 3103 1071 3174 nol
1099 3111 1150 3176 vel
1178 3121 1228 3183 &a

122 3225 258 3321 γράψω)
280 3251 314 3313 et
335 3232 420 3310 βάλω
441 3229 559 3319 γράφει
580 3218 688 3317 (βέλει
709 3228 835 3317 γράφω,
857 3229 898 3305 δὲ
920 3226 963 3294 vol
991 3235 1042 3298 vel
1069 3223 1119 3304 &cl
1147 3223 1226 3316 γρά.

121 3363 200 3442 oo),
222 3364 425 3448 perspicuum
447 3374 512 3441 est,
535 3361 568 3423 id
591 3360 674 3442 quod
703 3361 862 3424 veteribus
890 3371 962 3421 erat
991 3348 1101 3429 ἐλπίζω
1129 3346 1227 3417 αὐτὸν

120 3474 258 3566 γράψειν
279 3507 338 3572 pro
360 3487 497 3550 actionis
521 3461 738 3567 discrepantia
760 3502 847 3545 nunc
869 3478 1028 3565 appellari
1050 3469 1162 3557 ἐλπίζω
1182 3467 1225 3536 cd

121 3597 232 3689 γράψῃ
260 3619 292 3670 et
319 3599 429 3679 ἐλπίζω
457 3596 501 3665 νά
526 3594 645 3685 γράφῃ.
695 3603 808 3682 Itaque
838 3591 948 3672 ἐλπίζω
977 3588 1020 3656 νά
1045 3586 1153 3677 γράψῃ
1176 3617 1224 3659 re·
1280 3588 1281 3591 ἐ

119 3731 256 3817 spondet
288 3728 341 3793 his
377 3729 581 3808 antiquorum
617 3723 769 3803 loquendi
803 3719 948 3788 formulis
982 3708 1093 3791 ἐλπίζω
1127 3712 1225 3776 adedo

119 3842 269 3934 γράφειν,
298 3842 408 3924 ἐλπίζω
431 3840 530 3909 αὐτὸν
550 3833 593 3907 dv
615 3835 749 3928 γράφειν
776 3857 809 3908 et
837 3833 948 3914 ἐλπίζω
970 3827 1067 3899 αὐτὸν
1087 3829 1225 3920 γράψειν
1290 3859 1299 3876 ’

120 3986 216 4055 atque
243 3966 352 4046 ἐλπίζω
379 3962 423 4032 nel
449 3960 560 4052 γράψῃ
589 3982 730 4032 veterum
757 3966 972 4031 locutionibus
995 3953 1105 4036 ἐλπίζω
1127 3952 1224 4022 adedo

118 4083 256 4178 γράψαι,
280 4087 390 4167 ἐλπίζω
412 4082 510 4154 αὐτὸν
530 4081 655 4174 γράψαι
683 4077 727 4152 elo
753 4102 786 4154 et
813 4078 924 4160 ἐλπίζω
952 4077 1050 4146 αὐτὸν
1075 4069 1223 4167 γράψειν.

118 4250 163 4266 -
188 4212 320 4298 ἐμποῦιιι
341 4218 392 4281 vel
415 4212 535 4298 ἐμποῦν
556 4214 577 4280 3
599 4235 683 4304 pers.
706 4213 749 4300 pl.
771 4231 838 4277 aor.
862 4214 945 4294 conj.
969 4209 1056 4272 verbi
1084 4196 1224 4287 ἐμπαίνω
1330 4271 1331 4275 ¹

535 4353 559 4395 n
