2700 4672
1209 207 1257 280 99

148 381 266 453 iudaea
288 393 390 479 plebis
412 414 502 457 more
524 413 584 480 pro
607 385 720 453 darive.
766 389 816 456 01.
839 395 1252 468 ohservataadvers.120.

74 496 78 506 ¹
146 516 331 580 Notandum
353 538 445 597 vero,
469 517 612 598 quamvis
635 502 753 575 ἐπάνόυ
774 511 816 587 εἰς
837 519 968 606 proprie
990 520 1035 584 sit
1056 540 1175 608 super,
1205 534 1252 591 ta.

145 660 220 718 meu
243 629 360 701 ἒπάυου
382 635 425 710 εἰς
448 627 505 699 ἕνα
526 628 619 700 τόπον
640 638 836 703 reddendum
857 662 928 704 esse
949 637 985 704 in
1001 641 1148 730 quodam
1164 641 1248 713 loco.

144 795 147 801 ⁷
276 763 319 826 V.
344 761 419 828 180.
470 752 637 842 βάλὲηκεν
671 761 848 847 vulgariter
875 783 934 848 pro
964 753 1088 843 ἒβάλὲη
1119 767 1139 833 3
1167 791 1249 856 pers.

143 887 228 971 sing.
252 907 319 950 aar.
336 860 406 952 Ind.
427 907 513 972 pass.
529 887 618 949 verbi
633 874 733 964 βάνω,
755 885 838 967 quod
848 889 919 969 jam
934 885 1071 970 legimus
1087 910 1181 957 versu
1195 892 1246 958 73.
1291 893 1295 898 ’

142 1008 194 1072 De
216 1011 319 1072 forma
342 1011 423 1072 coni.
446 1020 561 1073 notata
582 1009 624 1073 ad
646 1028 727 1072 vers.
751 1006 805 1072 31.

273 1130 315 1194 V.
341 1128 414 1195 181.
461 1121 505 1190 vd
524 1127 573 1208 πᾷ
593 1129 772 1214 vulgariter
792 1150 852 1218 pro
874 1121 917 1191 voi
937 1119 1035 1214 πάγῃ.
1065 1131 1114 1196 Cf.
1138 1135 1246 1199 adnot.

140 1253 181 1316 ad
203 1273 283 1316 vers.
308 1252 382 1319 303.
407 1282 450 1300 -ι
470 1237 515 1314 roi
533 1247 605 1334 ’βρῇ
626 1253 647 1317 3
669 1275 753 1340 pers.
777 1255 861 1336 sing.
886 1257 970 1338 oonj.
993 1275 1061 1319 aor.
1078 1269 1140 1320 aot.
1158 1257 1247 1321 verbi

140 1359 284 1456 εὑρίσκω,
308 1397 367 1463 pro
390 1397 452 1458 qua
475 1386 508 1439 et
529 1365 573 1435 νά
592 1382 652 1456 [inp
681 1377 765 1462 apud
787 1376 913 1463 plebem
940 1385 974 1439 et
1000 1367 1045 1439 uri
1067 1366 1140 1461 adop
1160 1380 1246 1466 ¹apud

139 1500 280 1563 eruditos
302 1500 339 1562 in
360 1520 420 1563 usu
442 1510 502 1579 est,
524 1509 561 1561 ut
581 1498 718 1562 vidimus
740 1519 820 1562 vers.
845 1497 898 1563 92.

269 1620 311 1684 V.
336 1619 411 1685 183.
457 1611 585 1698 invideo
606 1620 701 1685 metri
725 1641 821 1685 eausa
843 1641 903 1707 pro
926 1606 1065 1700 ἔπνιξαν.

270 1741 314 1805 V.
340 1740 413 1807 184.
457 1734 634 1825 γροῖκησαν
655 1744 676 1806 i.
697 1766 726 1807 e.
750 1735 948 1826 ε’γροίκησαν.
999 1743 1075 1808 Vid.
1097 1744 1140 1810 ad
1161 1765 1242 1811 verr.

137 1865 190 1930 89.
213 1899 257 1912 -
278 1866 331 1930 De
351 1887 429 1930 voee
450 1854 558 1974 diram
579 1867 703 1951 egimus
720 1867 761 1931 ad
776 1885 858 1944 vers.
878 1865 950 1932 139.
973 1901 1018 1914 -
1040 1858 1163 1949 &pltea
1178 1890 1242 1934 me·

135 1991 179 2054 tri
202 2010 299 2054 eausa
321 2012 380 2077 pro
404 1976 536 2070 ἔνριξαν.

265 2112 310 2175 V.
335 2110 408 2176 185.
453 2102 679 2186 διαλαληνάδες
709 2131 814 2174 aoous.
846 2111 982 2198 pluralis
1015 2113 1146 2178 barbari
1160 2081 1164 2087 Α
1179 2135 1240 2201 pro

133 2224 326 2311 διαλαληνᾶς
344 2253 541 2319 praecones.
585 2235 706 2297 Eadem
728 2235 832 2297 forma
859 2245 892 2297 ot
918 2236 1111 2298 nominativi
1138 2237 1241 2306 vicem

132 2357 249 2444 explet.
294 2354 355 2420 Sic
377 2356 455 2419 olim
477 2357 628 2418 dixerunt
647 2343 807 2430 motareidec
828 2347 1033 2441 prosternenti
1053 2355 1109 2437 (cf.
1132 2354 1239 2423 Simo.

131 2482 184 2544 nis
213 2480 319 2544 Portii
346 2477 516 2567 epistolam
543 2479 774 2542 dedicatoriam
802 2478 843 2542 ad
873 2474 1081 2542 cardinalem
1109 2478 1148 2542 de
1176 2479 1239 2546 Ri.

118 2601 258 2666 ohelieu
280 2603 510 2686 grammaticae
533 2589 693 2664 sermonis
716 2601 825 2683 graeei
854 2600 996 2683 vulgaris
1024 2602 1236 2687 praemissam

130 2725 215 2811 apud
236 2723 384 2808 Ducang.
409 2724 513 2788 Gloss.
537 2724 619 2788 med.
642 2736 677 2787 et
698 2725 755 2786 ini.
779 2743 828 2807 gr.
851 2721 976 2786 Tomi
997 2743 1029 2809 Ρ.
1044 2721 1155 2804 XIX.)
1175 2744 1237 2803 μα.

130 2836 264 2922 &areidae
292 2867 350 2933 pro
377 2838 540 2928 Ριαβηναί,
569 2834 725 2927 ραφνάδες
751 2867 811 2934 pro
839 2836 953 2926 ράπναι
979 2855 1013 2909 et
1034 2845 1138 2910 multa
1158 2845 1234 2924 ulia,

130 2988 210 3051 quae
242 2972 417 3035 maximam
449 2982 575 3058 partem
608 2971 707 3035 etiam
740 2988 828 3036 nuno
856 2968 1000 3052 evulgo
1027 2980 1233 3055 usurpantur.

130 3091 226 3156 Certe
254 3105 435 3178 postremae
457 3094 538 3158 duae
559 3113 653 3157 voees
675 3091 831 3175 hodieque
852 3093 902 3156 sie
922 3090 1095 3155 fleetuntur
1113 3090 1154 3153 ab
1177 3088 1233 3152 ho-

118 3214 268 3277 ‘minibus
291 3209 443 3294 antiquae
465 3215 596 3298 linguae
618 3215 754 3297 ignaris.
788 3249 833 3262 -·
866 3201 980 3295 ἔρισαν
1000 3212 1063 3279 vid.
1086 3214 1232 3277 ohserva-

127 3338 250 3401 tionem
276 3337 318 3401 ad
344 3337 480 3422 Dialogi
506 3358 587 3403 vers.
613 3334 647 3400 2.
684 3369 728 3382 —
760 3329 875 3418 ’βγοῢν
901 3357 961 3423 pro
990 3331 1110 3417 ἒβγῶσι
1137 3333 1157 3399 3
1187 3334 1230 3421 ΡΙ

126 3463 210 3544 conj.
229 3478 296 3526 aor.
319 3462 408 3527 verbi
429 3453 569 3543 ε’βγαίνω
591 3482 633 3526 ex
653 3472 797 3525 veterum
819 3450 956 3538 ε’κβαίνω
982 3459 1063 3522 nati.
1092 3491 1136 3503 -
1164 3457 1231 3515 δια.

124 3572 286 3658 λαλήσουυ
312 3582 333 3648 3
356 3584 399 3670 ΡΙ.
423 3589 506 3668 oonj.
528 3604 596 3649 aor.
619 3594 682 3648 aot.
710 3584 801 3647 verbi
827 3573 970 3640 &latmi
997 3596 1056 3663 pro
1084 3566 1230 3649 dromad-

124 3724 216 3767 amoc.
235 3742 280 3760 ν-
1112 3772 1116 3775 .

256 3827 298 3893 V.
324 3827 399 3894 186.
442 3820 522 3910 γένῃ
543 3824 565 3892 3
587 3843 671 3914 pers.
692 3825 777 3910 sing.
799 3828 884 3909 conj.
900 3841 968 3888 aor.
984 3819 1073 3886 verbi
1088 3808 1228 3900 pianum.
1330 3842 1333 3846 ·

123 3947 175 4011 Cf.
197 3947 342 4016 advers.
366 3948 440 4015 119.
463 3985 508 4000 -
528 3937 674 4031 σύννομα
695 3949 717 4014 i.
741 3969 769 4014 e.
791 3936 964 4026 συντόμως·

254 4071 297 4135 V.
321 4070 395 4138 187.
439 4069 663 4154 μαξωχνοῦσιν
684 4074 707 4138 i.
730 4093 759 4155 q.
782 4065 1003 4152 μαζωχβῶσιν
1029 4063 1050 4132 3
1070 4083 1156 4154 pers.
1183 4062 1227 4151 ΡΙ.

123 4197 208 4281 conj.
230 4215 299 4263 aor.
321 4215 406 4286 pass.
427 4197 517 4264 verbi
538 4195 681 4263 anomali
702 4183 832 4276 μαζόνω
851 4203 1039 4279 congrega,
1070 4185 1108 4255 iu
1128 4207 1229 4252 unum

924 4315 945 4378 7
962 4310 976 4342 2
