2700 4672
23 4214 87 4383 ἱ

123 181 192 254 130,
263 190 266 200 “

254 371 299 435 v,
321 367 396 435 336.
443 361 625 449 &cronicae
638 361 733 428 metri
749 379 846 428 causa
858 379 919 447 pro
934 350 1114 437 ἕκτῦκησαν
1127 379 1193 425 oor.
1212 358 1230 426 1

122 497 211 563 verbi
233 489 357 568 κτυπῶ,
379 491 469 575 cujus
491 490 564 553 loco
585 497 711 551 veteres
732 480 846 548 coni
874 469 1008 545 'e‘nrvnou
1033 503 1154 571 ponere
1181 503 1234 548 sc·

121 620 201 685 lent.
245 617 335 682 Haec
356 635 432 678 vero
455 609 608 694 loquendi
630 608 715 674 ratio
735 593 873 689 πόλεμον
893 598 1074 682 dardunaco
1096 605 1233 671 deterio-

122 744 169 807 ris
192 737 379 826 graecitatis
402 745 458 798 est.

253 860 297 924 V.
320 856 397 924 337.
440 840 529 931 drove
551 849 694 942 explicui
714 873 744 920 v.
770 849 822 918 14.
849 885 894 901 ·-
925 849 978 917 De
1000 850 1159 936 adjectivo
1181 874 1234 932 γε.

107 972 223 1066 ‘punitor
245 982 315 1045 dixi
338 980 379 1044 ad
401 999 483 1043 vers-
506 975 584 1042 287.
1034 1059 1035 1062 Ἴ

257 1104 298 1170 V.
321 1100 397 1168 338.
442 1087 618 1181 Λειχήνορα
640 1097 801 1183 genitivus
822 1105 874 1162 est
894 1095 994 1160 dativi
1008 1095 1078 1167 vice
1094 1097 1233 1180 iungens

125 1249 146 1292 a
167 1247 254 1292 nom.
277 1214 478 1305 Λειχῆυορας.
525 1223 577 1287 Ita
599 1222 686 1286 enim
707 1238 825 1284 nomen
846 1207 1006 1299 Λιιχῆυωρ
1029 1221 1068 1284 ob
1089 1219 1233 1303 vulgaria

126 1348 258 1434 linguae
281 1348 511 1435 proprietatem
533 1343 721 1408 mutandum
744 1344 871 1407 censuit
892 1343 1011 1406 Zenus.
1055 1340 1133 1405 Vid.
1151 1362 1233 1426 quac

127 1472 363 1536 observavimus
385 1471 425 1534 ad
447 1487 529 1532 vers.
553 1463 607 1531 28.
631 1499 675 1512 -
699 1452 797 1527 ἕδωσε
818 1466 841 1529 i.
862 1487 892 1530 c.
914 1452 1026 1544 ἕδωκε;
1052 1450 1163 1524 ddecet
1184 1484 1234 1529 re.

126 1595 306 1658 centiorum
326 1603 377 1658 cst
397 1593 550 1671 aoristus,
573 1590 627 1672 qui
650 1600 760 1654 tamen
783 1575 887 1650 ’ἔδωκα
909 1606 1031 1670 quoque
1053 1586 1174 1651 dicunt.
1190 1621 1234 1649 ,-

125 1707 293 1796 κονταρία,
320 1714 419 1798 vulgo
446 1700 612 1793 κονταριά,
640 1713 802 1776 recentior
822 1729 903 1791 vox,
925 1710 1025 1774 ictum
1047 1709 1232 1795 designans,

127 1838 182 1921 qui
205 1836 301 1901 hasta
322 1835 490 1920 infligitur.
537 1835 587 1900 cf.
609 1856 693 1901 vers.
715 1831 791 1898 224.

259 1958 303 2022 V.
325 1955 401 2022 339.
437 1947 487 2019 ¹cd
508 1950 785 2038 συκωτοπλέμονια
805 1975 864 2042 per
884 1954 1048 2037 syrrizcsin
1070 1964 1104 2019 et
1125 1956 1166 2021 cb
1181 1975 1233 2021 raa

127 2061 250 2145 tionem
273 2080 439 2144 metricam
457 2101 516 2166 pro
539 2039 822 2160 uvxwrondeptdidu.
865 2074 926 2142 Est
946 2088 1052 2142 autem
1072 2066 1108 2140 vd
1130 2100 1234 2140 συκω-

127 2191 327 2282 τοπλεμὸυιον
342 2202 449 2289 secur.
495 2202 632 2267 Constat
651 2198 713 2265 hoc
734 2200 922 2266 vocabulum
945 2221 987 2263 ex
1008 2199 1070 2285 adj.
1092 2191 1234 2274 uenando
1263 2211 1272 2296 θ’

124 2317 206 2410 ficis
227 2322 400 2401 conditus,
427 2347 469 2389 ex
497 2344 559 2407 quo
581 2324 778 2388 recentiores
804 2325 1037 2388 substantivum
1058 2313 1093 2383 vd
1114 2314 1234 2385 concire

127 2445 179 2511 vel
200 2436 355 2509 ovainoo
370 2448 470 2536 jecur
490 2445 665 2527 finxerunt,
688 2458 721 2509 et
741 2445 868 2532 vulgari
888 2447 1086 2511 deminutivo
1103 2435 1233 2527 ciendae

13 2560 17 2566 ¹
127 2567 179 2634 vel
199 2556 380 2651 oriendum,
410 2568 494 2651 quod
520 2569 640 2633 omisso
662 2590 696 2646 ν,
719 2569 777 2632 sed
798 2580 923 2634 servato
945 2569 1084 2655 pristino
1106 2569 1232 2654 signifi·

128 2702 202 2757 catu
228 2695 269 2756 ab
296 2693 429 2775 antiqua
459 2690 623 2756 locutione
649 2680 795 2772 πλεύμων
820 2692 973 2757 manavit
1018 2691 1120 2772 Rem,
1150 2713 1232 2774 quae

127 2814 233 2899 prima
255 2816 360 2879 fronte
382 2815 551 2880 admodum
573 2814 657 2878 mira
678 2814 819 2896 videtur,
841 2815 1011 2879 declarabo
1039 2815 1145 2879 verbis
1165 2815 1231 2880 De·

129 2934 238 3017 nequii
259 2937 296 2998 in
316 2936 404 2999 Dict.
428 2936 484 3025 (ἦν.
506 2935 590 3000 mod.
614 2937 653 3000 ir.
676 2959 703 3002 s.
725 2958 753 3002 v.
777 2925 905 3000 συκῶτι.
954 2936 1016 3003 Ait
1036 2937 1109 3002 illez
1153 2925 1232 3020 „La

129 3058 192 3121 ioic
214 3053 288 3120 d’un
309 3057 432 3120 animal
453 3060 622 3142 engraissd
643 3080 721 3124 avec
742 3059 800 3124 des
821 3057 943 3143 figures,
972 3044 1055 3141 ἧπαρ
1077 3051 1231 3137 concedo,

128 3182 218 3242 etant
238 3197 284 3240 un
305 3191 387 3242 mets
409 3182 586 3246 tres-usne
609 3179 685 3247 cher
706 3182 754 3247 les
776 3183 926 3264 enciens,
948 3170 1092 3245 ovacrdu
1118 3184 1231 3270 apris

127 3301 148 3364 a
169 3300 203 3363 la
224 3299 342 3384 longue
364 3299 398 3365 la
419 3302 639 3388 signification
661 3305 701 3368 de
722 3305 786 3370 soie
807 3324 851 3371 cn
872 3304 1022 3390 genera13
1049 3305 1090 3370 dc
1115 3311 1231 3390 memo,

126 3422 208 3484 dans
230 3416 335 3484 Jecur
346 3417 510 3512 ficetum,
533 3425 689 3510 l’adjectis
706 3447 728 3492 a
748 3428 888 3515 pravalu.
937 3426 1002 3491 Les
1028 3425 1165 3490 Italiens
1187 3446 1232 3494 en

91 3557 92 3560 ’
128 3555 185 3608 ont
206 3544 264 3608 fait
273 3541 417 3634 fageto,
439 3559 472 3613 et
493 3568 585 3628 nous,
598 3542 715 3636 scie.”
766 3549 816 3615 Cf.
838 3546 980 3614 Salmas.
1008 3547 1050 3613 ad
1077 3544 1231 3617 Solinum

125 3686 197 3753 pag.
224 3662 317 3734 1319.
339 3703 386 3722 -
406 3661 607 3751 ξαπλωμὲνος
628 3684 711 3758 para
734 3671 815 3760 peri.
836 3691 924 3759 pass.
946 3671 1035 3737 verbi
1057 3660 1230 3756 ἐξαπλὸυω,

119 3791 209 3870 quod
231 3791 352 3857 Inserta
375 3814 404 3871 v,
427 3795 467 3856 ab
491 3782 633 3870 ἕξαπλὸω
654 3793 758 3860 flunt.
1117 3785 1119 3789 ⁷

107 3910 113 3925 “
258 3913 300 3974 V·
322 3910 398 3977 340.
434 3907 701 3997 &corporandorum
716 3913 895 4000 vulgariter
909 3935 969 4002 pro
985 3908 1227 3997 ἑκορυιακτίσβη

123 4051 189 4095 aor.
203 4054 288 4118 pass·
303 4035 392 4099 verbi
405 4029 619 4118 κορνιακνίζω,
639 4036 765 4124 plebeja
784 4040 1013 4126 depravatione
1034 4061 1076 4104 ex
1096 4060 1224 4122 recomp-

120 4142 212 4224 κ’ἷζω
234 4156 310 4220 nati.
354 4157 426 4224 Hoc
448 4161 551 4246 ipsum
573 4153 777 4242 κονιαρκτίζω
799 4163 976 4228 derivatum
997 4175 1047 4228 en
1069 4181 1227 4244 οκονιαρ.
