2700 4672
199 201 245 276 66

199 399 254 464 uhi
282 386 498 484 praespicua
525 403 557 456 et
585 385 758 472 ἐμενρῆσαν
785 389 967 474 exspectari
1004 387 1138 452 debehat
1173 381 1310 470 περισσὰ

201 532 234 586 et
256 512 439 600 ἐμέτρησαν.
462 547 505 564 -
528 501 614 596 εἷμαι
638 514 660 575 i.
677 533 705 574 e.
732 501 804 590 εἰμι’.
850 545 893 556 -
937 499 1145 591 11⁷ap0q>dpoc
1173 522 1222 575 est
1250 533 1309 576 no·

200 663 274 708 men
296 642 509 728 aptissimum,
532 656 594 719 quo
616 634 768 697 reddatur
789 632 872 695 illud
895 633 978 715 quod
1001 634 1036 697 in
1060 631 1237 739 archetypo
1260 647 1311 699 est

200 753 388 845 Τρωξάρτης.
430 761 562 826 Etenim
589 747 679 838 ψωμὶ
701 755 752 820 vel
773 745 900 835 ψωμίον
920 775 1007 818 nunc
1025 753 1131 842 ponis
1152 768 1202 820 est
1224 759 1311 844 apud

202 888 359 965 Graecos,
388 883 531 967 quamvis
559 881 644 967 apud
672 891 795 944 veteres
821 879 858 941 in
888 880 1072 944 universum
1097 875 1310 968 frustulum,

201 1006 294 1095 quod
314 1003 374 1071 -ori
401 999 568 1090 ingeritur
594 1000 836 1086 significaverit.

332 1126 375 1189 V.
399 1123 452 1190 46.
496 1117 575 1184 duod
595 1115 630 1183 ’ν’
656 1107 689 1182 ed
713 1115 805 1204 γένει’
830 1123 853 1186 i.
869 1144 896 1186 c.
921 1116 1000 1183 ὃποῧ
1022 1109 1102 1182 εἶναι
1123 1115 1158 1185 ed
1179 1119 1311 1206 γένειον.

202 1250 373 1316 Caeterum
394 1249 424 1311 si
446 1247 517 1329 quis
541 1255 691 1331 corrupta
719 1247 871 1327 antiquae
899 1246 1077 1331 scripturae
1099 1249 1237 1330 vestigia
1260 1257 1333 1312 se-'

178 1384 293 1437 »cutus
320 1370 375 1435 hic
401 1371 542 1433 scribere
570 1369 648 1432 velit
675 1361 740 1426 ὂπῶ
768 1389 828 1455 pro
856 1361 951 1448 ὁποῢ,
974 1388 1042 1432 non
1063 1373 1266 1456 repugnabo,
1288 1390 1311 1435 a

202 1516 263 1580 quo
285 1493 438 1557 Dorismo
460 1491 587 1555 Zenum
608 1501 754 1554 nostrum
775 1510 847 1587 non·
865 1490 1054 1588 abhorrere,
1084 1512 1162 1555 mox
1190 1492 1310 1556 videbi-

198 1637 281 1682 mus.
320 1648 366 1666 -
391 1613 606 1678 Recentiores
627 1604 767 1695 μακρὸς,
788 1603 942 1695 praeponi,
962 1604 1072 1695 μακρὺ
1093 1636 1153 1702 pro
1174 1605 1308 1697 μακρὸς,

202 1733 239 1819 d,
261 1729 298 1800 dn
319 1738 425 1803 dicere
446 1735 562 1800 solent.
584 1768 630 1786 -

332 1859 375 1922 V·
399 1855 451 1922 47.
494 1881 545 1937 μω
566 1845 602 1917 ’o’
626 1880 686 1947 pro
709 1881 774 1940 μου
796 1845 883 1923 εἶναι.
935 1859 1017 1923 Tam
1046 1880 1140 1925 rarus
1163 1859 1217 1925 hic
1239 1861 1307 1926 Do-

120 2046 122 2050 ,
201 1986 335 2062 tiamne,
363 2000 426 2064 quo
455 2002 506 2059 μω
534 2001 594 2067 pro
615 2004 681 2062 μου
702 1982 833 2061 dicitur,
856 1999 942 2044 nune
965 1984 1001 2046 in
1024 1983 1161 2048 Graecia
1182 1995 1247 2064 cst,
1270 1995 1308 2047 ut

200 2106 313 2192 paucis
335 2105 554 2169 tantummodo
577 2115 674 2168 notus
696 2105 748 2167 sit.
771 2136 816 2152 -·-
838 2093 998 2184 εὐγενικὸς
1019 2107 1104 2170 idem
1120 2107 1205 2171 valet
1224 2106 1309 2188 quod

200 2228 403 2310 antiquorum
425 2216 563 2308 εὐγενής.
584 2258 628 2270 -
650 2214 789 2305 κράζουν
810 2228 832 2289 i.
856 2249 883 2290 e.
906 2217 1068 2308 κράζουσι.
1092 2229 1140 2293 Cf.
1154 2250 1235 2293 vers.
1250 2226 1305 2293 97.

333 2347 374 2415 V.
398 2344 450 2412 18.
472 2329 475 2332 ”
495 2336 549 2406 cdv
569 2331 673 2406 πλειόν
694 2348 717 2411 i.
740 2370 768 2412 e.
791 2350 821 2413 si
842 2351 979 2415 sormam
1001 2363 1136 2438 spectas,
1158 2342 1307 2412 τὸυπλεί.

199 2493 277 2553 cco,
304 2470 334 2535 si
361 2468 597 2554 significatum,
612 2432 680 2529 ‘dv
707 2470 860 2535 πλεῖστον.
907 2472 956 2536 Cs.
983 2463 1138 2534 Ἀνάκτων
1163 2475 1254 2537 Tam.
1278 2475 1304 2539 Ι.

142 2648 147 2660 .
200 2613 274 2680 pag.
298 2589 351 2655 52.
375 2603 407 2656 et
429 2601 543 2655 notata
564 2591 608 2656 ad
628 2610 710 2655 vers.
734 2590 786 2658 72.
837 2594 889 2658 De
909 2585 1018 2677 καιρός
1039 2597 1110 2660 vide
1132 2616 1212 2679 quae
1235 2597 1306 2662 dixi

200 2714 243 2780 ad
264 2734 345 2778 vers.
372 2712 422 2778 13.
445 2747 489 2760 -
510 2703 675 2794 κατάσπρη
704 2711 892 2782 albissima.
944 2704 1064 2799 ἐίσπρος
1090 2721 1126 2783 ἰη
1154 2720 1304 2784 citeriore

201 2836 387 2900 Graecitate
409 2836 543 2899 vertitur
579 2832 694 2918 albus,
724 2839 763 2902 de
791 2861 852 2922 qua
875 2860 950 2904 voce
977 2840 1130 2904 disseruit
1159 2842 1303 2907 Oecono-

129 3020 143 3047 ὦ
197 2975 269 3020 mus
289 2956 372 3019 libro
400 2946 467 3036 περὶ
489 2954 540 3048 τῆς
560 2953 703 3040 γνησίας·
717 2958 875 3043 προφορᾶς
896 2959 948 3035 τῆς
970 2955 1128 3036 diducenda
1154 2955 1303 3042 γλώσσης

197 3100 273 3166 pag.
296 3076 370 3142 601.
392 3097 477 3159 seqq.
524 3081 709 3148 Notandum
735 3103 825 3162 vero,
854 3084 891 3145 in
918 3082 1083 3165 adjectivis
1113 3089 1300 3171 compositis

197 3219 265 3262 non
287 3199 391 3263 solum
413 3202 603 3269 femininum
626 3225 646 3270 a
668 3204 762 3288 vulgo
785 3203 916 3266 formari
939 3203 1024 3266 velut
1045 3195 1064 3279 ἦ
1087 3197 1224 3287 ἅμίμητη
1241 3199 1299 3287 φῦ.

195 3341 245 3391 σις
272 3343 331 3409 pro
361 3316 380 3398 ἡ
408 3315 560 3406 ἀμίμητος
587 3317 696 3405 φύσις,
732 3325 784 3388 eui
811 3326 921 3406 generi
949 3327 1189 3394 adnumeranda
1222 3344 1299 3396 sunt

195 3463 276 3525 quae
298 3447 381 3531 apud
403 3459 525 3512 veteres
547 3449 698 3529 leguntur
719 3445 876 3509 feminina
899 3438 1070 3529 ἅπορρήτη,
1091 3442 1241 3531 dauniae
1265 3469 1298 3519 at

194 3566 276 3648 alia,
304 3567 408 3651 (recte
438 3571 566 3631 defensa
593 3568 633 3629 ab
662 3565 849 3633 Hermanno
878 3571 1028 3636 adversus
1050 3572 1237 3656 Elmslejum
1260 3578 1296 3640 in

193 3689 300 3753 adnot.
330 3692 371 3754 ad
397 3689 508 3773 Eurip.
536 3687 623 3752 Med.
652 3711 734 3754 vers.
764 3688 861 3773 897.)
894 3695 950 3758 sed
978 3696 1116 3770 etiamn
1139 3716 1234 3783 saepe
1258 3701 1295 3764 in

190 3811 322 3894 reliquis
349 3807 515 3890 adjectivis
544 3832 603 3896 par
632 3812 808 3877 Ionismum
833 3836 892 3900 pro
920 3839 944 3874 α
969 3817 1057 3903 poni,
1080 3819 1167 3882 verbi
1197 3841 1294 3887 causa

188 3923 279 4012 πικρὴ
307 3940 339 3993 et
367 3921 462 4010 μικρὴ
484 3953 543 4018 pro
566 3925 662 4015 πικροὶ
690 3947 722 4000 et
748 3926 854 4018 μικρά.
901 3937 1292 4022 01.1)εινίᾶίεΠαραλλη.

188 4041 302 4129 daupida)
322 4047 373 4125 τῆς
396 4046 553 4131 ἕλληυικῆς
573 4048 629 4117 καὶ
650 4059 815 4138 γραικικῆς
835 4050 984 4142 γλώσσης
1005 4066 1069 4122 aad.
1093 4061 1144 4127 11.
1311 4063 1313 4066 ⁴

316 4170 357 4237 V.
381 4170 433 4238 19.
478 4169 694 4260 Λαρδοφάγου
715 4204 834 4250 nomeu
856 4185 1000 4250 continet
1028 4184 1214 4250 vocabulum
1242 4187 1288 4253 la·
