2700 4672
228 386 231 393 ¹
288 479 291 484 .
403 396 507 465 blanda,
525 394 573 454 sed
591 395 720 467 emedio,
738 407 916 476 consuetaque
934 400 1013 455 verba
1031 400 1135 477 puellae

402 504 528 570 Scribito,
546 505 675 560 sermoule
691 503 797 580 publica
815 502 898 561 lorma
915 503 1016 579 placem

201 636 262 711 ubi
281 634 435 736 publico
461 633 635 711 sermonis
662 621 777 707 lorma‘
799 643 857 708 est
882 661 972 733 quae
997 635 1083 710 alias
1108 639 1308 736 populor-is

200 777 354 845 vocatur.
409 763 552 840 Nomen
585 763 654 839 hoe
684 790 851 840 versuum
883 764 969 839 illud
1001 794 1130 869 genus,
1161 769 1306 871 dequo

200 899 338 999 loquor,
364 895 509 994 accepit,
527 896 624 994 quod
643 896 679 971 in
697 897 741 973 iis
759 897 969 996 syllabarum
989 900 1180 998 quantitas,
1198 929 1306 1001 qnam

141 1098 144 1103 ,
200 1031 313 1106 solam
337 1028 473 1128 antiqui
497 1038 626 1127 poetae
657 1028 695 1101 in
727 1030 890 1104 versibus
921 1031 1118 1132 pangendis
1149 1059 1307 1133 sequun-

198 1173 267 1252 tur,
303 1187 377 1235 uon
410 1161 635 1250 observatur,
674 1186 715 1234 ac
750 1160 853 1236 valde
889 1162 1072 1262 probabile
1103 1174 1174 1253 est,
1207 1166 1306 1239 omni

167 1289 293 1370 'aei⁷o.
312 1291 453 1394 plebem
484 1317 644 1392 graecam
670 1293 856 1394 ignorasse
889 1295 1102 1393 prosodiam.
1156 1295 1304 1371 Etenim

97 1409 100 1413 ’
198 1453 272 1501 non
296 1423 415 1500 solum
437 1422 577 1499 diversa
603 1434 788 1530 poetarum
814 1452 942 1526 genera
973 1425 1040 1501 hac
1070 1426 1108 1501 iu
1138 1453 1179 1501 re
1208 1428 1305 1504 iuter

200 1543 241 1633 se
267 1557 420 1646 differre,
445 1554 509 1630 sed
537 1555 613 1631 aliis
646 1557 751 1635 etiam
777 1557 996 1657 temporibus
1022 1557 1107 1633 alias
1138 1562 1305 1648 mutatio-

197 1717 264 1766 nes
288 1689 406 1790 legum
432 1687 719 1788 prosodiacarum
746 1690 941 1780 exstitisse,
958 1717 999 1763 ac
1018 1690 1177 1790 singulos
1195 1691 1302 1766 etiam

198 1832 323 1924 poetas
349 1817 459 1893 multa
485 1818 616 1894 hahere
643 1820 829 1920 peculiaria
848 1822 1035 1912 nemiuem,
1061 1849 1167 1923 quem
1189 1823 1302 1922 fugiat

199 1979 280 2028 esse
306 1952 465 2026 arbitror.
515 1949 610 2050 Quis
636 1978 723 2027 vero
748 1952 888 2052 plebem
912 1963 985 2029 tam
1015 1952 1155 2029 doctam
1187 1954 1301 2031 fuisse

196 2066 376 2186 putet'nt
402 2108 492 2183 quae
519 2084 622 2189 apud·
644 2083 803 2185 singulos
835 2094 960 2185 poetas
991 2085 1207 2187 singularum
1238 2114 1302 2165 vo-

197 2243 276 2290 cum
308 2215 488 2316 quantitas
521 2217 585 2307 sit,
620 2217 770 2296 scivisse
801 2202 921 2293 dieat?¹
971 2217 1084 2293 Immo
1115 2217 1300 2294 indoctum

195 2347 323 2457 vulgus
348 2347 401 2424 sic
426 2348 581 2425 earmina
606 2376 669 2424 sua
693 2349 842 2428 linxisse
865 2349 1016 2441 ridetur,
1041 2359 1081 2425 nt
1104 2377 1176 2426 non
1195 2352 1301 2451 sylla-

196 2482 317 2557 barum
344 2481 597 2582 quantitatem,
628 2482 690 2559 sed
723 2493 908 2559 absentum
938 2508 1096 2555 normam
1128 2468 1300 2582 sequere-

195 2622 264 2703 tur,
289 2613 346 2688 cui
372 2615 530 2716 opinioni
560 2614 727 2692 versiculi
757 2611 900 2715 quidam
940 2613 1033 2714 apud
1071 2612 1299 2691 Athenaeum

194 2746 355 2848 aliosque
380 2747 626 2855 suffragantur.
675 2746 733 2823 Ex
757 2771 830 2844 quo
854 2745 951 2823 euim
976 2724 1107 2825 musica
1126 2773 1184 2821 ars
1201 2748 1299 2849 apud

193 2877 360 2973 Graecos,
390 2882 580 2957 multorum
616 2877 768 2976 ingeniis
808 2875 946 2951 exculta
984 2877 1028 2950 ad
1065 2878 1297 2979 perfeetionis

194 3011 373 3111 quoddam
396 3012 576 3112 fastigium
600 3007 752 3083 adducta
778 3017 844 3097 est,
870 3008 1041 3085 certiores
1072 3010 1109 3084 in
1134 3013 1299 3089 carmini-

192 3143 260 3223 bus
285 3145 475 3248 prosodiae
499 3142 707 3240 legesesse
732 3150 936 3240 coeperunt,
960 3169 1054 3241 quae
1079 3169 1158 3218 cum
1175 3143 1297 3245 negle.

193 3287 250 3353 cta
285 3264 353 3353 hae
387 3281 654 3372 arte-postero
691 3282 852 3374 tempore
893 3299 1030 3350 rursus
1062 3287 1294 3361 evanuerunt.

191 3408 294 3485 Sexti
317 3404 467 3485 forsitan
491 3411 577 3503 post
601 3400 686 3479 Chr.
711 3432 745 3478 n.
771 3404 903 3480 saeculi
928 3414 1014 3479 suut
1039 3430 1162 3480 versus
1188 3404 1296 3482 hexa-
1327 3397 1330 3401 ⁶

190 3510 295 3615 metri
320 3562 341 3609 a
363 3533 643 3610 Mouteialconio
669 3535 921 3640 Palaeograph.
940 3535 961 3611 l.
979 3539 1011 3607 3.
1035 3550 1068 3636 p.
1087 3539 1158 3610 9¹20
1184 3540 1295 3631 citati,

188 3668 243 3743 iu-
260 3665 389 3765 quihus
420 3667 624 3767 posthabita
656 3668 866 3767 syllabarum
893 3667 1090 3768 quantitate
1121 3656 1293 3748 aecentus

188 3796 345 3897 rhythmi
369 3797 635 3873 fundamentum
662 3809 727 3874 est.
775 3797 911 3874 Eorum
936 3810 1064 3889 autem,
1091 3801 1152 3902 qui
1178 3830 1292 3905 popu·

187 3927 319 4004 laribus
343 3929 597 4030 hujuscemodi
620 3931 784 4008 veisibus
816 3930 977 4006 iambicis
1009 3945 1172 4032 poemata
1202 3939 1292 4013 seri-

186 4073 346 4160 pserunt,
371 4063 642 4163 antiquissimus
665 4060 817 4136 habetur
841 4061 997 4155 Psaltes,
1023 4066 1086 4164 qui
1111 4064 1204 4139 circa
1229 4094 1292 4143 an·

185 4221 269 4270 num
308 4197 403 4268 1050
439 4204 523 4294 post
555 4194 639 4270 Chr.
679 4220 712 4268 n.
770 4194 910 4273 Cantici
942 4196 1156 4275 cantieorum
1188 4225 1290 4300 para·
