2700 4672
118 249 205 301 XXIV

121 419 216 495 ditos
243 441 407 492 enarrare
431 413 547 504 velim,
571 411 766 491 verendum
791 412 855 505 sit,
879 438 926 487 ne
951 413 1062 488 semel
1087 413 1232 489 dicendi

120 552 222 628 initio
253 550 347 625 lacto
380 548 440 624 vix
471 547 578 622 linem
610 547 819 623 inventurus
852 545 930 621 sim.
979 548 1161 637 Attamen,
1188 557 1232 624 ut

122 685 229 784 hujus
256 707 402 782 quoque
433 679 574 780 generis
606 677 806 780 exemplum
837 704 1051 779 proponam,
1083 678 1235 782 impedi-

122 816 302 893 tissimum
343 837 426 888 esse
462 836 587 887 omnes
622 812 785 910 judicant
816 810 934 885 locum
974 811 1234 912 Xenophontis

123 948 225 1023 initio
249 945 531 1022 Hellenicorum
557 944 618 1018 ubi
643 946 812 1044 scriptor:
844 945 891 1018 Οἱ
914 942 955 1019 δὲ
977 943 1235 1048 uivqpo'spovro,

123 1079 257 1180 iuquit,
282 1079 333 1154 ἐπ’
361 1073 484 1153 αὐτὸν
508 1071 623 1152 εἴκοσι
652 1074 812 1167 ναυσὶν,
842 1069 889 1165 ἃς
918 1076 939 1151 ὁ
970 1074 1138 1176 Δωριεὺς
1161 1108 1236 1175 φυ-

123 1209 208 1316 poia
236 1207 328 1310 πρὸς
357 1206 428 1310 τὴν
456 1214 537 1311 ’γῆν
564 1206 768 1308 ἀνεβίβαζε
799 1204 866 1298 τὰς
895 1210 1041 1303 inormi
1068 1209 1233 1312 τριήρεις,

124 1333 341 1446 uigilumque,
367 1339 446 1440 περὶ
470 1337 511 1415 rri
537 1339 714 1440 Ῥοίτειον.
773 1338 894 1440 Quem
918 1365 1066 1416 sensum
1088 1340 1148 1416 hic
1172 1341 1235 1416 ha·

123 1475 208 1549 beat
219 1465 350 1578 ἤνοιγε
364 1474 564 1572 quaesitum
577 1500 596 1546 a
609 1472 730 1548 multis
744 1483 810 1562 est,
824 1483 1054 1573 perspectum
1066 1500 1086 1547 a
1099 1473 1235 1574 paucis.

124 1606 301 1682 Nimirum
313 1603 594 1706 vulgarislingua
607 1605 865 1707 Xenophontis
879 1605 1152 1709 explicatoribus
1165 1631 1235 1681 usu

66 1709 91 1824 ι,
124 1764 197 1812 non
217 1747 293 1812 erat
319 1738 470 1837 cognita.
526 1736 644 1838 Quam
668 1738 731 1838 qui
745 1748 887 1827 norunt,
912 1739 937 1810 ii
963 1739 1069 1812 etiam
1093 1764 1189 1813 nunc
1214 1765 1236 1812 a

124 1870 242 1944 nautis
268 1870 306 1943 in
325 1867 475 1943 Graecia
502 1870 555 1942 sic
581 1869 751 1944 celebrari
776 1869 896 1943 sciunt
918 1869 1066 1944 verbum
1082 1869 1235 1974 u'voipo,

124 2013 166 2077 nt
182 2002 240 2076 hic
258 2029 278 2076 a
296 2000 542 2102 Xenophonte
561 2000 758 2076 adhibetur.
784 1999 883 2101 Quid
898 1999 1235 2106 quaeris‘l’Avoipur

126 2135 158 2209 si
182 2133 228 2209 (le
251 2160 343 2210 nave
367 2131 425 2210 vel
450 2131 495 2206 de
520 2133 768 2235 navigantibus
788 2134 1007 2235 intelligitur,
1024 2136 1235 2211 vertendum

126 2277 183 2343 est
199 2268 330 2341 relicto
343 2275 456 2365 portu
473 2263 609 2362 (relicta
634 2267 804 2362 statione)
830 2267 869 2338 iu
894 2267 1008 2340 ultum
1036 2265 1179 2341 evehor.

295 2396 486 2472 Praetereo
541 2398 708 2474 universa
750 2397 1011 2473 Grammatirae
1052 2398 1236 2474 doetrinae

125 2529 218 2606 ratio
255 2539 428 2631 perpetua
466 2531 600 2607 veteris
639 2540 676 2605 et
713 2529 869 2604 recentis
909 2528 1050 2629 linguae
1095 2555 1236 2631 compa-

125 2663 262 2738 ratione
299 2662 487 2756 insigniter
524 2662 704 2738 emendari
741 2672 872 2764 potest.
948 2661 1042 2737 Nam
1078 2672 1236 2762 praeter-

126 2822 233 2895 quam
266 2795 363 2893 quod
394 2795 522 2884 mulla,
560 2821 654 2894 quae
683 2794 808 2892 ignota
841 2800 941 2880 sunt,
972 2789 1056 2864 inde
1092 2791 1236 2869 discun-

124 2936 192 3017 tur,
221 2953 311 3026 quae
336 2935 505 3024 tanquam
531 2925 769 2997 additamenta
794 2921 946 3024 repertis
966 2921 1071 3022 adjici
1087 2937 1234 3026 queunt,

127 3058 206 3158 ipsa
232 3057 338 3132 etiarn
362 3055 548 3131 doetrinae
573 3054 681 3153 hujus
707 3053 934 3129 fundamenta
961 3055 1080 3131 multis
1099 3058 1135 3130 in
1155 3086 1235 3158 par-

127 3190 224 3262 tibus
251 3198 469 3263 evertuntur.
526 3186 639 3287 Cujus
665 3187 806 3287 generis
830 3187 967 3262 infinita
993 3189 1235 3291 exemplorum

126 3319 182 3396 vis
209 3329 247 3392 et
271 3319 372 3418 copia
398 3329 543 3420 praesto
563 3331 630 3394 est.
678 3319 816 3395 Notum
835 3323 999 3396 omnibus
1017 3348 1099 3398 esse
1116 3323 1235 3415 eredo,

126 3450 236 3524 multa
262 3451 394 3525 criticis
419 3452 562 3553 negotia
588 3453 776 3555 Digamma
794 3452 978 3529 Aeolicum
997 3455 1259 3532 lacessivisse..

127 3582 258 3683 Neque
282 3593 402 3658 tamen
429 3584 619 3684 quisquam
638 3587 805 3661 inventus
828 3594 894 3676 est,
921 3585 984 3685 qui
1000 3587 1092 3660 hene
1111 3588 1149 3660 in
1165 3588 1235 3665 hoc

129 3726 337 3816 argumento
371 3727 583 3792 versaretur.
646 3717 789 3817 Nempe
825 3743 968 3807 omnes,
1006 3728 1178 3816 quantum
1215 3750 1235 3796 a

126 3847 263 3948 vulgari
295 3849 414 3950 lingua
444 3848 534 3922 luris
566 3849 641 3948 peti
671 3859 813 3949 posset,
844 3849 1063 3950 ignorabant
1118 3851 1235 3943 Adde,

129 3979 227 4079 quod
258 3980 422 4080 plerique
450 3981 776 4081 pronuntiationem
809 3982 852 4055 ab
878 3981 1030 4056 Erasrno
1060 3986 1234 4084 praeseri-

126 4120 223 4211 ptam
251 4114 503 4212 sequebantur,
529 4140 598 4213 qua
622 4113 710 4188 nihil
736 4114 912 4216 lunestius
937 4115 1066 4190 litteris
1085 4117 1235 4193 Graecis

127 4246 320 4349 excogitari
345 4257 477 4347 potest.
526 4246 600 4321 seu
625 4273 672 4322 ne
697 4247 821 4337 multa,
847 4247 1053 4348 popularem
1078 4248 1235 4357 Graeco·
