2700 4672
188 209 277 284 ,110

204 404 390 472 Notandum
411 419 498 481 vero,
520 398 560 463 de
582 397 793 462 morientibus
815 398 965 484 usurpari
985 388 1208 480 ἑξαπλόνομαι,
1229 402 1316 483 quod

204 530 397 594 Latinorum
419 522 614 588 consuetudo
637 517 845 585 extendendi
865 521 1018 585 vocabulo
1041 523 1131 587 reddi
1159 524 1313 610 postulat.

206 651 257 717 Cf.
279 670 376 715 verss.
400 645 476 727 339,
500 643 565 710 354
588 658 648 708 ete.
693 644 744 708 Ex
766 642 819 707 his
846 645 1056 728 intelligitur,
1086 646 1249 710 Crusium‘
1265 668 1314 712 er.

205 796 305 854 rasse,
329 773 384 854 qui
407 770 466 833 hos
489 770 568 832 duos
596 788 705 832 versus
732 769 782 830 sic
808 768 962 831 reddidit:
995 765 1089 831 Folio
1112 767 1237 855 pellem
1265 767 1314 834 in·

205 904 383 969 venerumt,
412 912 502 976 ortae
529 899 608 956 erat
638 898 800 965 extenta,
828 889 1313 979 111111111111111111111111.

204 1017 288 1085 rime
314 1024 526 1081 conmanunt.
576 1014 663 1077 Nam
692 1014 789 1076 verba
817 1034 935 1098 graeca
966 1013 1029 1079 hoc
1055 1030 1189 1080 sonant:
1220 1013 1314 1082 Fatis

200 1140 325 1230 pellem
346 1137 556 1210 diremerunt,
579 1156 670 1222 qrtae
690 1144 770 1201 erat
791 1133 985 1223 explicata,
1008 1129 1150 1224 eamque
1163 1137 1314 1204 calamis

201 1258 430 1350 pulcherrime
449 1258 685 1324 extenderunt.
730 1260 783 1323 De
812 1263 1047 1325 constructione
1076 1251 1184 1336 εἴχασι
1210 1269 1312 1338 τξιτω.

204 1380 281 1468 pe'aro
311 1387 351 1448 cl.
380 1383 517 1446 Doridis
546 1382 650 1446 Meto.
678 1403 760 1470 pour
784 1382 951 1447 etudierl.
975 1384 1069 1469 lgr.
1099 1387 1182 1452 mod.
1207 1387 1310 1474 Chap.

204 1506 370 1575 XXXIX.
394 1503 421 1590 §.
445 1504 476 1569 5.
498 1526 529 1591 p.
553 1503 605 1570 85.

335 1631 379 1694 V.
403 1627 476 1693 229.
521 1620 678 1708 λουρῖκιου
704 1627 755 1690 vel
782 1619 927 1708 ioolxeoe
953 1629 1013 1710 (cl.
1037 1631 1145 1698 adnot.
1168 1631 1312 1696 1111ὓί1-

203 1754 273 1839 logi
298 1774 380 1818 vers.
412 1751 477 1831 1.)‚
509 1754 599 1834 cujus
629 1750 700 1814 loco
731 1763 763 1813 ct
789 1743 904 1831 λωρίκη
931 1753 967 1814 in
995 1753 1106 1836 Eclog.
1129 1753 1251 1818 Leonis
1279 1767 1311 1820 et

205 1875 415 1940 Constantini
437 1874 540 1958 Impp.
563 1875 612 1936 tit.
640 1872 679 1936 17
703 1870 731 1957 §.
755 1869 775 1936 lt
799 1876 968 1960 reperitur,
990 1875 1095 1938 latina
1117 1869 1179 1940 vox
1199 1873 1310 1941 lorica

204 2010 263 2078 est,
286 2018 366 2079 quae
389 2017 447 2082 pro
470 1997 604 2076 antiqua
626 1990 780 2059 thoracis
807 1998 1025 2083 appellatione
1048 1998 1193 2062 invaluit·
1245 2001 1310 2088 Op-

203 2134 340 2208 portuno
363 2120 398 2181 in
421 2117 507 2181 hane
528 2137 596 2180 rem
617 2117 807 2203 Ducangius
829 2122 920 2184 Tom.
944 2120 962 2184 1
982 2142 1015 2207 p·
1037 2118 1102 2186 835
1125 2122 1219 2185 affert
1235 2120 1310 2210 Epi.

203 2245 371 2308 merismos
393 2241 582 2320 Herodiani,
604 2242 659 2304 ubi
679 2241 799 2325 legitur
812 2233 931 2324 θώραξ,
946 2233 981 2304 rd
995 2235 1139 2324 λωρίκιον
1153 2258 1187 2308 et
1204 2245 1308 2310 Gloss.

204 2368 260 2430 Gr.
283 2363 387 2429 MSS.
412 2364 490 2427 Cod.
519 2364 624 2427 Paris.
656 2363 740 2429 1673
769 2355 930 2446 θώρακος,
957 2359 1105 2447 λωρικιόυ
1130 2367 1307 2449 πολεμικοῦ,

203 2489 280 2552 vid.
304 2489 380 2552 ibid·
405 2487 488 2550 alios
511 2486 602 2549 locos
625 2507 666 2549 ex
688 2487 879 2568 Byzantinis
908 2490 1117 2576 scriptoribus
1146 2483 1312 2558 collectos?

203 2645 246 2659 -
268 2599 396 2691 κάμασι
417 2630 476 2697 pro
500 2595 634 2690 ἕκαμαν.
678 2607 754 2673 Vid.
777 2610 851 2673 adn.
878 2612 920 2675 ad
942 2611 1071 2678 11119.
1094 2647 1138 2660 ·-
1159 2607 1308 2689 δείχνουν

203 2735 343 2821 explicui
365 2734 407 2798 ad
430 2754 511 2797 vers.
537 2730 612 2796 100.
646 2765 690 2778 -
727 2724 933 2813 ἆγριωμένοι,
956 2737 1087 2818 antique
1108 2728 1307 2820 ἠγριωμένοι.

202 2850 364 2922 Praesens
388 2854 459 2919 Ind.
482 2865 546 2918 aet.
568 2872 655 2916 nune
676 2866 727 2917 est
749 2846 895 2935 ἀγριόυω.

333 2977 376 3040 V.
401 2974 475 3040 230.
520 2968 638 3044 ra‘rotae
658 2974 763 3057 λογῆς,
782 2989 818 3041 ut
839 2998 921 3044 vers.
946 2976 1020 3046 148.
1057 3016 1098 3030 -
1129 2981 1181 3045 De
1203 2975 1308 3064 ἁρμα-

201 3092 332 3181 1ωμὲυοι
354 3102 393 3163 11.
416 3118 497 3161 vers.
521 3061 619 3161 226.l

333 3220 375 3282 V.
399 3219 474 3284 231.
521 3201 709 3300 ἒμάξναὰιί.
734 3242 761 3285 1.
786 3208 927 3304 dreng-cra,
950 3211 1084 3306 ἔμαθον.
1122 3261 1162 3275 -
1195 3219 1307 3291 11111111

200 3341 252 3406 vel
272 3338 368 3401 τοῦτα
390 3341 566 3426 vulgariter
587 3365 646 3431 pro
668 3342 785 3428 ταῦτα,
807 3359 844 3412 ut
859 3350 931 3432 jam
952 3349 1090 3412 vidimus
1111 3369 1206 3413 versu
1230 3352 1307 3424 155.

199 3498 245 3518 -.
266 3455 428 3547 μαντᾶτου
449 3466 486 3528 in
507 3466 661 3530 inferiore
692 3472 867 3551 graecitate
894 3471 1043 3552 designat
1070 3488 1140 3533 rem
1167 3489 1305 3552 novam,

200 3586 375 3666 nuncium3
402 3589 489 3675 apud
517 3590 615 3654 medii
643 3592 715 3656 aevi
743 3593 915 3678 scriptores
944 3603 976 3656 et
1003 3613 1062 3679 pro
1085 3615 1123 3657 eo
1145 3597 1305 3684 accipitur

113 3695 118 3722 ¹
201 3713 286 3795 quod
299 3704 429 3776 Latinis
452 3724 502 3776 est
523 3711 736 3790 mandatum,
758 3715 844 3779 unde
866 3716 961 3780 ducta
976 3737 1039 3780 vox
1055 3727 1114 3780 est.
1137 3716 1224 3783 Vide
1238 3720 1303 3786 Du·

200 3854 294 3918 cang·
317 3856 344 3898 s·
367 3856 397 3898 v.
419 3824 589 3913 ptovddroe.

330 3956 374 4017 V.
397 3952 474 4019 232.
518 3954 581 4028 πῶς
608 3956 784 4041 vulgariter
816 3978 876 4044 pro
909 3946 974 4041 ito,
1006 3971 1043 4024 ut
1065 3951 1144 4047 jam,
1165 3963 1301 4048 legimus

198 4095 293 4138 versu
316 4074 390 4141 108.
413 4111 457 4125 -
478 4067 650 4157 coercione,
671 4101 730 4167 pro
753 4102 814 4162 quo
837 4082 897 4146 alii
918 4084 1059 4152 seribere
1081 4085 1188 4150 solent
1203 4107 1301 4167 φουσ.

198 4188 297 4260 ooiroo'
318 4201 368 4265 vel
389 4191 562 4282 φοσσάτον,
584 4213 635 4269 est
656 4205 788 4290 proprie
808 4204 1001 4272 Latinorum
1022 4208 1211 4276 vocabulum
1222 4207 1301 4301 fos·
