<?xml version="1.0" encoding="UTF-8"?>
<!DOCTYPE html PUBLIC "-//W3C//DTD XHTML 1.0 Transitional//EN"
    "http://www.w3.org/TR/xhtml1/DTD/xhtml1-transitional.dtd">
<html xmlns="http://www.w3.org/1999/xhtml" xml:lang="en" lang="en">
 <head>
  <title>
</title>
<meta http-equiv="Content-Type" content="text/html;charset=utf-8" />
  <meta name='ocr-system' content='tesseract 3.04.00' />
  <meta name='ocr-capabilities' content='ocr_page ocr_carea ocr_par ocr_line ocrx_word'/>
</head>
<body>
  <div class='ocr_page' id='page_1' title='image "./demetriizenipar00zngoog_0213.png"; bbox 0 0 2700 4672; ppageno 0'>
   <div class='ocr_carea' id='block_1_1' title="bbox 232 251 303 324">
    <p class='ocr_par' dir='ltr' id='par_1_1' title="bbox 232 251 303 324">
     <span class='ocr_line' id='line_1_1' title="bbox 232 251 303 324; baseline -0.028 0"><span class='ocrx_word' id='word_1_1' title='bbox 232 251 303 324; x_wconf 89' lang='grc'><strong>140</strong></span> 
     </span>
    </p>
   </div>
   <div class='ocr_carea' id='block_1_2' title="bbox 221 441 1348 1769">
    <p class='ocr_par' dir='ltr' id='par_1_2' title="bbox 227 441 1331 774">
     <span class='ocr_line' id='line_1_2' title="bbox 228 441 1331 535; baseline 0.002 -23"><span class='ocrx_word' id='word_1_2' title='bbox 228 442 377 534; x_wconf 84' lang='lat' dir='ltr'><strong>exempla</strong></span> <span class='ocrx_word' id='word_1_3' title='bbox 399 445 470 510; x_wconf 91' lang='lat' dir='ltr'><strong>vide</strong></span> <span class='ocrx_word' id='word_1_4' title='bbox 496 463 548 532; x_wconf 83' lang='lat' dir='ltr'><strong>ap.</strong></span> <span class='ocrx_word' id='word_1_5' title='bbox 571 441 777 529; x_wconf 85' lang='lat' dir='ltr'><strong>Duoangium</strong></span> <span class='ocrx_word' id='word_1_6' title='bbox 806 447 845 510; x_wconf 90' lang='grc' dir='ltr'><strong>Τ.</strong></span> <span class='ocrx_word' id='word_1_7' title='bbox 867 446 885 510; x_wconf 93' lang='lat'><em>1</em></span> <span class='ocrx_word' id='word_1_8' title='bbox 911 467 942 535; x_wconf 85' lang='lat' dir='ltr'><strong>p.</strong></span> <span class='ocrx_word' id='word_1_9' title='bbox 968 445 1042 513; x_wconf 83' lang='lat'><strong>750.</strong></span> <span class='ocrx_word' id='word_1_10' title='bbox 1094 447 1267 514; x_wconf 86' lang='lat' dir='ltr'><strong>Caeterum</strong></span> <span class='ocrx_word' id='word_1_11' title='bbox 1295 453 1331 514; x_wconf 88' lang='lat' dir='ltr'><strong>oi.</strong></span> 
     </span>
     <span class='ocr_line' id='line_1_3' title="bbox 228 557 1331 659; baseline 0.003 -23"><span class='ocrx_word' id='word_1_12' title='bbox 228 572 268 636; x_wconf 89' lang='lat' dir='ltr'><strong>de</strong></span> <span class='ocrx_word' id='word_1_13' title='bbox 289 571 384 635; x_wconf 86' lang='lat' dir='ltr'><strong>verbo</strong></span> <span class='ocrx_word' id='word_1_14' title='bbox 406 557 517 649; x_wconf 72' lang='grc' dir='ltr'><strong><em>κράζω</em></strong></span> <span class='ocrx_word' id='word_1_15' title='bbox 534 570 752 656; x_wconf 75' lang='lat' dir='ltr'><strong>disputantem</strong></span> <span class='ocrx_word' id='word_1_16' title='bbox 772 569 909 634; x_wconf 86' lang='lat' dir='ltr'><strong>Loheek.</strong></span> <span class='ocrx_word' id='word_1_17' title='bbox 931 571 979 636; x_wconf 91' lang='lat' dir='ltr'><strong>ad</strong></span> <span class='ocrx_word' id='word_1_18' title='bbox 996 569 1121 654; x_wconf 78' lang='lat' dir='ltr'><strong>Phrym</strong></span> <span class='ocrx_word' id='word_1_19' title='bbox 1144 594 1177 659; x_wconf 84' lang='lat' dir='ltr'><strong>p.</strong></span> <span class='ocrx_word' id='word_1_20' title='bbox 1197 569 1275 639; x_wconf 86' lang='grc'><strong>337.</strong></span> <span class='ocrx_word' id='word_1_21' title='bbox 1293 607 1331 623; x_wconf 88' lang='lat'><strong>-·</strong></span> 
     </span>
     <span class='ocr_line' id='line_1_4' title="bbox 227 678 630 774; baseline -0.005 -19"><span class='ocrx_word' id='word_1_22' title='bbox 227 682 272 755; x_wconf 76' lang='grc' dir='ltr'><strong>νά</strong></span> <span class='ocrx_word' id='word_1_23' title='bbox 290 686 366 774; x_wconf 49' lang='lat' dir='ltr'><strong>’imur</strong></span> <span class='ocrx_word' id='word_1_24' title='bbox 388 693 408 757; x_wconf 85' lang='lat' dir='ltr'><strong>i.</strong></span> <span class='ocrx_word' id='word_1_25' title='bbox 426 713 454 755; x_wconf 85' lang='lat' dir='ltr'><strong>e·</strong></span> <span class='ocrx_word' id='word_1_26' title='bbox 476 680 520 750; x_wconf 81' lang='lat' dir='ltr'><strong>od</strong></span> <span class='ocrx_word' id='word_1_27' title='bbox 541 678 630 774; x_wconf 66' lang='grc' dir='ltr'><strong>ἕλβῃ.</strong></span> 
     </span>
    </p>

    <p class='ocr_par' dir='ltr' id='par_1_3' title="bbox 221 794 1348 1769">
     <span class='ocr_line' id='line_1_5' title="bbox 362 794 1329 899; baseline -0.001 -22"><span class='ocrx_word' id='word_1_28' title='bbox 362 812 402 877; x_wconf 90' lang='lat' dir='ltr'><strong>V.</strong></span> <span class='ocrx_word' id='word_1_29' title='bbox 424 809 501 878; x_wconf 92' lang='grc'><strong>414.</strong></span> <span class='ocrx_word' id='word_1_30' title='bbox 545 809 588 885; x_wconf 74' lang='grc' dir='ltr'><strong>εἰς</strong></span> <span class='ocrx_word' id='word_1_31' title='bbox 608 803 680 886; x_wconf 65' lang='grc' dir='ltr'><strong>τοὺς</strong></span> <span class='ocrx_word' id='word_1_32' title='bbox 701 803 847 896; x_wconf 52' lang='lat' dir='ltr'><strong>ignomin.</strong></span> <span class='ocrx_word' id='word_1_33' title='bbox 869 811 1007 897; x_wconf 78' lang='lat' dir='ltr'><strong>Antiqui</strong></span> <span class='ocrx_word' id='word_1_34' title='bbox 1021 794 1329 899; x_wconf 49' lang='lat' dir='ltr'><strong>vocabulume&#39;xnodq</strong></span> 
     </span>
     <span class='ocr_line' id='line_1_6' title="bbox 225 930 1327 1032; baseline 0 -27"><span class='ocrx_word' id='word_1_35' title='bbox 225 939 289 1006; x_wconf 80' lang='lat' dir='ltr'><strong>hoe</strong></span> <span class='ocrx_word' id='word_1_36' title='bbox 321 957 419 1014; x_wconf 78' lang='lat' dir='ltr'><strong>sensu</strong></span> <span class='ocrx_word' id='word_1_37' title='bbox 451 956 518 1002; x_wconf 90' lang='lat' dir='ltr'><strong>non</strong></span> <span class='ocrx_word' id='word_1_38' title='bbox 550 949 690 1023; x_wconf 83' lang='lat' dir='ltr'><strong>ponunt,</strong></span> <span class='ocrx_word' id='word_1_39' title='bbox 734 939 791 1032; x_wconf 80' lang='lat' dir='ltr'><strong>sed</strong></span> <span class='ocrx_word' id='word_1_40' title='bbox 821 935 935 1002; x_wconf 78' lang='lat' dir='ltr'><strong>hostes</strong></span> <span class='ocrx_word' id='word_1_41' title='bbox 963 930 1129 1019; x_wconf 75' lang='grc' dir='ltr'><strong><em>πολεμίους</em></strong></span> <span class='ocrx_word' id='word_1_42' title='bbox 1154 940 1327 1026; x_wconf 72' lang='lat' dir='ltr'><strong>appellant,</strong></span> 
     </span>
     <span class='ocr_line' id='line_1_7' title="bbox 224 1047 1325 1144; baseline 0 -17"><span class='ocrx_word' id='word_1_43' title='bbox 224 1057 377 1128; x_wconf 80' lang='lat' dir='ltr'><strong>inimicos</strong></span> <span class='ocrx_word' id='word_1_44' title='bbox 400 1047 552 1139; x_wconf 65' lang='grc' dir='ltr'>ἕκὲρσῦι,</span> <span class='ocrx_word' id='word_1_45' title='bbox 579 1059 612 1122; x_wconf 90' lang='lat' dir='ltr'><strong>id</strong></span> <span class='ocrx_word' id='word_1_46' title='bbox 635 1061 718 1141; x_wconf 84' lang='lat' dir='ltr'><strong>quod</strong></span> <span class='ocrx_word' id='word_1_47' title='bbox 741 1061 891 1144; x_wconf 71' lang='lat' dir='ltr'><strong>congruit</strong></span> <span class='ocrx_word' id='word_1_48' title='bbox 912 1082 984 1125; x_wconf 89' lang='lat' dir='ltr'><strong>eum</strong></span> <span class='ocrx_word' id='word_1_49' title='bbox 1007 1084 1063 1142; x_wconf 83' lang='lat' dir='ltr'><strong>eo,</strong></span> <span class='ocrx_word' id='word_1_50' title='bbox 1086 1063 1170 1144; x_wconf 88' lang='lat' dir='ltr'><strong>quod</strong></span> <span class='ocrx_word' id='word_1_51' title='bbox 1197 1062 1325 1128; x_wconf 74' lang='lat' dir='ltr'><strong>Amno-</strong></span> 
     </span>
     <span class='ocr_line' id='line_1_8' title="bbox 223 1181 1324 1267; baseline -0.001 -16"><span class='ocrx_word' id='word_1_52' title='bbox 223 1187 298 1250; x_wconf 79' lang='lat' dir='ltr'><strong>nius</strong></span> <span class='ocrx_word' id='word_1_53' title='bbox 319 1181 382 1247; x_wconf 88' lang='lat' dir='ltr'><strong>hae</strong></span> <span class='ocrx_word' id='word_1_54' title='bbox 403 1183 443 1245; x_wconf 87' lang='lat' dir='ltr'><strong>de</strong></span> <span class='ocrx_word' id='word_1_55' title='bbox 465 1200 501 1245; x_wconf 84' lang='lat' dir='ltr'><strong>re</strong></span> <span class='ocrx_word' id='word_1_56' title='bbox 522 1182 662 1246; x_wconf 74' lang='lat' dir='ltr'><strong>tradidit</strong></span> <span class='ocrx_word' id='word_1_57' title='bbox 708 1181 755 1247; x_wconf 83' lang='lat' dir='ltr'><strong>At</strong></span> <span class='ocrx_word' id='word_1_58' title='bbox 777 1184 813 1247; x_wconf 92' lang='lat' dir='ltr'><strong>in</strong></span> <span class='ocrx_word' id='word_1_59' title='bbox 834 1185 993 1248; x_wconf 76' lang='lat' dir='ltr'><strong>deteriore</strong></span> <span class='ocrx_word' id='word_1_60' title='bbox 1016 1185 1194 1267; x_wconf 78' lang='lat' dir='ltr'><strong>graecitate</strong></span> <span class='ocrx_word' id='word_1_61' title='bbox 1215 1181 1324 1250; x_wconf 77' lang='lat' dir='ltr'><strong>hoster</strong></span> 
     </span>
     <span class='ocr_line' id='line_1_9' title="bbox 223 1296 1323 1398; baseline -0.005 -26"><span class='ocrx_word' id='word_1_62' title='bbox 223 1308 410 1398; x_wconf 75' lang='lat' dir='ltr'><strong>plerumque</strong></span> <span class='ocrx_word' id='word_1_63' title='bbox 432 1317 587 1370; x_wconf 80' lang='lat' dir='ltr'><strong>vorantur</strong></span> <span class='ocrx_word' id='word_1_64' title='bbox 609 1296 733 1386; x_wconf 57' lang='grc' dir='ltr'><em>ἐχθροί,</em></span> <span class='ocrx_word' id='word_1_65' title='bbox 756 1326 946 1388; x_wconf 86' lang='lat' dir='ltr'><strong>quamquem</strong></span> <span class='ocrx_word' id='word_1_66' title='bbox 961 1327 1079 1370; x_wconf 87' lang='lat' dir='ltr'><strong>nomen</strong></span> <span class='ocrx_word' id='word_1_67' title='bbox 1094 1301 1236 1388; x_wconf 75' lang='grc' dir='ltr'>πολέμιοι</span> <span class='ocrx_word' id='word_1_68' title='bbox 1251 1328 1323 1374; x_wconf 76' lang='lat' dir='ltr'><strong>non.</strong></span> 
     </span>
     <span class='ocr_line' id='line_1_10' title="bbox 223 1424 1321 1516; baseline 0 -20"><span class='ocrx_word' id='word_1_69' title='bbox 223 1432 298 1496; x_wconf 90' lang='lat' dir='ltr'><strong>dum</strong></span> <span class='ocrx_word' id='word_1_70' title='bbox 310 1428 475 1494; x_wconf 82' lang='lat' dir='ltr'><strong>obsolevit.</strong></span> <span class='ocrx_word' id='word_1_71' title='bbox 498 1424 660 1492; x_wconf 84' lang='lat' dir='ltr'><strong>Similiter</strong></span> <span class='ocrx_word' id='word_1_72' title='bbox 667 1427 756 1492; x_wconf 86' lang='lat' dir='ltr'><strong>Galli</strong></span> <span class='ocrx_word' id='word_1_73' title='bbox 767 1427 886 1511; x_wconf 87' lang='lat' dir='ltr'><strong>aliique</strong></span> <span class='ocrx_word' id='word_1_74' title='bbox 891 1430 1013 1516; x_wconf 65' lang='lat' dir='ltr'><strong>populi,</strong></span> <span class='ocrx_word' id='word_1_75' title='bbox 1021 1432 1074 1511; x_wconf 87' lang='lat' dir='ltr'><strong>qui</strong></span> <span class='ocrx_word' id='word_1_76' title='bbox 1088 1430 1321 1515; x_wconf 83' lang='lat' dir='ltr'><strong>liuguamaLa-</strong></span> 
     </span>
     <span class='ocr_line' id='line_1_11' title="bbox 221 1547 1322 1636; baseline -0.004 -16"><span class='ocrx_word' id='word_1_77' title='bbox 221 1555 301 1620; x_wconf 76' lang='lat' dir='ltr'><strong>tinia</strong></span> <span class='ocrx_word' id='word_1_78' title='bbox 322 1553 463 1617; x_wconf 88' lang='lat' dir='ltr'><strong>mutuati</strong></span> <span class='ocrx_word' id='word_1_79' title='bbox 483 1563 569 1632; x_wconf 78' lang='lat' dir='ltr'><strong>eunt,</strong></span> <span class='ocrx_word' id='word_1_80' title='bbox 592 1547 707 1614; x_wconf 79' lang='lat' dir='ltr'><strong>hostes</strong></span> <span class='ocrx_word' id='word_1_81' title='bbox 729 1552 900 1617; x_wconf 86' lang='lat' dir='ltr'><strong>nominant</strong></span> <span class='ocrx_word' id='word_1_82' title='bbox 915 1549 965 1615; x_wconf 84' lang='lat' dir='ltr'><strong>les</strong></span> <span class='ocrx_word' id='word_1_83' title='bbox 979 1549 1135 1616; x_wconf 80' lang='lat' dir='ltr'><strong>eonevreie.</strong></span> <span class='ocrx_word' id='word_1_84' title='bbox 1158 1587 1203 1599; x_wconf 91' lang='lat'>—</span> <span class='ocrx_word' id='word_1_85' title='bbox 1225 1547 1322 1636; x_wconf 68' lang='lat' dir='ltr'><strong>eomi-</strong></span> 
     </span>
     <span class='ocr_line' id='line_1_12' title="bbox 221 1666 1348 1769; baseline 0.004 -32"><span class='ocrx_word' id='word_1_86' title='bbox 221 1700 308 1758; x_wconf 80' lang='grc' dir='ltr'><strong><em>ρημα</em></strong></span> <span class='ocrx_word' id='word_1_87' title='bbox 329 1673 360 1742; x_wconf 81' lang='lat' dir='ltr'><strong>h.</strong></span> <span class='ocrx_word' id='word_1_88' title='bbox 383 1675 404 1739; x_wconf 93' lang='lat'><strong>1.</strong></span> <span class='ocrx_word' id='word_1_89' title='bbox 419 1666 570 1762; x_wconf 77' lang='lat' dir='ltr'><strong>focinus</strong></span> <span class='ocrx_word' id='word_1_90' title='bbox 586 1670 822 1759; x_wconf 80' lang='lat' dir='ltr'><strong>praeclarum,</strong></span> <span class='ocrx_word' id='word_1_91' title='bbox 843 1693 898 1738; x_wconf 83' lang='lat' dir='ltr'><strong>res</strong></span> <span class='ocrx_word' id='word_1_92' title='bbox 919 1670 1002 1740; x_wconf 82' lang='lat' dir='ltr'><strong>bene</strong></span> <span class='ocrx_word' id='word_1_93' title='bbox 1020 1682 1141 1762; x_wconf 80' lang='lat' dir='ltr'><strong>gesta,</strong></span> <span class='ocrx_word' id='word_1_94' title='bbox 1169 1697 1253 1759; x_wconf 86' lang='lat' dir='ltr'><strong>quae</strong></span> <span class='ocrx_word' id='word_1_95' title='bbox 1277 1697 1321 1741; x_wconf 85' lang='lat' dir='ltr'><strong>re·</strong></span> <span class='ocrx_word' id='word_1_96' title='bbox 1346 1762 1348 1769; x_wconf 28' lang='grc' dir='ltr'>Ι</span> 
     </span>
    </p>
   </div>
   <div class='ocr_carea' id='block_1_3' title="bbox 216 1785 1336 2254">
    <p class='ocr_par' dir='ltr' id='par_1_4' title="bbox 220 1780 1348 1883">
     <span class='ocr_line' id='line_1_13' title="bbox 220 1785 1319 1883; baseline -0.001 -17"><span class='ocrx_word' id='word_1_97' title='bbox 220 1800 318 1883; x_wconf 76' lang='lat' dir='ltr'><strong>liquis</strong></span> <span class='ocrx_word' id='word_1_98' title='bbox 340 1798 487 1862; x_wconf 83' lang='lat' dir='ltr'><strong>omnibus</strong></span> <span class='ocrx_word' id='word_1_99' title='bbox 508 1796 720 1882; x_wconf 78' lang='lat' dir='ltr'><strong>praeferenda</strong></span> <span class='ocrx_word' id='word_1_100' title='bbox 742 1807 802 1859; x_wconf 84' lang='lat' dir='ltr'><strong>est.</strong></span> <span class='ocrx_word' id='word_1_101' title='bbox 826 1829 868 1847; x_wconf 92' lang='lat'><strong>·-</strong></span> <span class='ocrx_word' id='word_1_102' title='bbox 891 1785 934 1856; x_wconf 76' lang='lat' dir='ltr'><strong>od</strong></span> <span class='ocrx_word' id='word_1_103' title='bbox 954 1788 1059 1880; x_wconf 75' lang='grc' dir='ltr'><strong><em>ποίσῃ,</em></strong></span> <span class='ocrx_word' id='word_1_104' title='bbox 1081 1810 1117 1862; x_wconf 89' lang='grc' dir='ltr'><strong>ιιι</strong></span> <span class='ocrx_word' id='word_1_105' title='bbox 1139 1819 1236 1864; x_wconf 86' lang='lat' dir='ltr'><strong>versu</strong></span> <span class='ocrx_word' id='word_1_106' title='bbox 1252 1797 1319 1865; x_wconf 75' lang='grc'><strong>199.</strong></span> 
     </span>
    </p>

    <p class='ocr_par' dir='ltr' id='par_1_5' title="bbox 216 1906 1336 2254">
     <span class='ocr_line' id='line_1_14' title="bbox 351 1906 1320 2012; baseline 0.007 -30"><span class='ocrx_word' id='word_1_107' title='bbox 351 1911 396 1982; x_wconf 64' lang='grc' dir='ltr'><strong>ν.</strong></span> <span class='ocrx_word' id='word_1_108' title='bbox 420 1916 495 1983; x_wconf 85' lang='grc'><strong>415.</strong></span> <span class='ocrx_word' id='word_1_109' title='bbox 539 1906 675 1999; x_wconf 55' lang='grc' dir='ltr'><strong>ἔμβαινε,</strong></span> <span class='ocrx_word' id='word_1_110' title='bbox 697 1929 734 1983; x_wconf 90' lang='lat' dir='ltr'><strong>ut</strong></span> <span class='ocrx_word' id='word_1_111' title='bbox 755 1938 850 1984; x_wconf 85' lang='lat' dir='ltr'><strong>versu</strong></span> <span class='ocrx_word' id='word_1_112' title='bbox 872 1917 948 1985; x_wconf 90' lang='grc'><strong>393.</strong></span> <span class='ocrx_word' id='word_1_113' title='bbox 970 1955 1015 1972; x_wconf 75' lang='lat'>—</span> <span class='ocrx_word' id='word_1_114' title='bbox 1036 1909 1071 1984; x_wconf 75' lang='lat' dir='ltr'><strong>eri</strong></span> <span class='ocrx_word' id='word_1_115' title='bbox 1092 1911 1210 2003; x_wconf 67' lang='lat' dir='ltr'><strong>nornine</strong></span> <span class='ocrx_word' id='word_1_116' title='bbox 1225 1923 1320 2012; x_wconf 73' lang='lat' dir='ltr'><strong>expli</strong></span> 
     </span>
     <span class='ocr_line' id='line_1_15' title="bbox 218 2038 1336 2118; baseline 0.007 -8"><span class='ocrx_word' id='word_1_117' title='bbox 218 2045 271 2110; x_wconf 87' lang='lat' dir='ltr'><strong>eui</strong></span> <span class='ocrx_word' id='word_1_118' title='bbox 290 2043 334 2109; x_wconf 81' lang='lat' dir='ltr'><strong>&#39;ad</strong></span> <span class='ocrx_word' id='word_1_119' title='bbox 354 2061 436 2107; x_wconf 86' lang='lat' dir='ltr'><strong>vers.</strong></span> <span class='ocrx_word' id='word_1_120' title='bbox 461 2038 535 2106; x_wconf 87' lang='grc'><strong>133.</strong></span> <span class='ocrx_word' id='word_1_121' title='bbox 693 2096 699 2103; x_wconf 97' lang='grc'><strong>.</strong></span> <span class='ocrx_word' id='word_1_122' title='bbox 1327 2100 1336 2118; x_wconf 90' lang='grc'><strong>.</strong></span> 
     </span>
     <span class='ocr_line' id='line_1_16' title="bbox 216 2154 1316 2254; baseline 0.013 -33"><span class='ocrx_word' id='word_1_123' title='bbox 216 2219 221 2226; x_wconf 88' lang='grc'><em>,</em></span> <span class='ocrx_word' id='word_1_124' title='bbox 350 2163 395 2228; x_wconf 88' lang='lat' dir='ltr'><strong>V.</strong></span> <span class='ocrx_word' id='word_1_125' title='bbox 417 2162 494 2230; x_wconf 83' lang='grc'><strong>416.</strong></span> <span class='ocrx_word' id='word_1_126' title='bbox 537 2160 600 2224; x_wconf 68' lang='grc' dir='ltr'><strong>τῶν</strong></span> <span class='ocrx_word' id='word_1_127' title='bbox 620 2154 835 2246; x_wconf 55' lang='grc' dir='ltr'><strong><em>βορῇακάδων</em></strong></span> <span class='ocrx_word' id='word_1_128' title='bbox 855 2167 1016 2250; x_wconf 84' lang='lat' dir='ltr'><strong>genitivus</strong></span> <span class='ocrx_word' id='word_1_129' title='bbox 1037 2166 1174 2254; x_wconf 83' lang='lat' dir='ltr'><strong>pluralis</strong></span> <span class='ocrx_word' id='word_1_130' title='bbox 1194 2169 1316 2235; x_wconf 80' lang='lat' dir='ltr'><strong>barbari</strong></span> 
     </span>
    </p>
   </div>
   <div class='ocr_carea' id='block_1_4' title="bbox 1344 1635 1354 2266">
    <p class='ocr_par' dir='ltr' id='par_1_6' title="bbox 1344 1635 1354 2266">
     <span class='ocr_line' id='line_1_17' title="bbox 1344 1635 1354 2266; baseline 0 0"><span class='ocrx_word' id='word_1_131' title='bbox 1344 1635 1354 2266; x_wconf 95' lang='lat' dir='ltr'><strong> </strong></span> 
     </span>
    </p>
   </div>
   <div class='ocr_carea' id='block_1_5' title="bbox 202 2284 1348 3975">
    <p class='ocr_par' dir='ltr' id='par_1_7' title="bbox 213 2284 1315 2600">
     <span class='ocr_line' id='line_1_18' title="bbox 217 2284 1315 2378; baseline 0.007 -30"><span class='ocrx_word' id='word_1_132' title='bbox 217 2312 277 2378; x_wconf 77' lang='lat' dir='ltr'><strong>pro</strong></span> <span class='ocrx_word' id='word_1_133' title='bbox 299 2284 486 2371; x_wconf 58' lang='grc' dir='ltr'>βορθαιαῖὶν,</span> <span class='ocrx_word' id='word_1_134' title='bbox 509 2307 603 2370; x_wconf 75' lang='lat' dir='ltr'><strong>quiam</strong></span> <span class='ocrx_word' id='word_1_135' title='bbox 626 2289 762 2353; x_wconf 83' lang='lat' dir='ltr'><strong>formam</strong></span> <span class='ocrx_word' id='word_1_136' title='bbox 784 2301 895 2354; x_wconf 87' lang='lat' dir='ltr'><strong>noster</strong></span> <span class='ocrx_word' id='word_1_137' title='bbox 917 2290 999 2355; x_wconf 90' lang='lat' dir='ltr'><strong>alias</strong></span> <span class='ocrx_word' id='word_1_138' title='bbox 1021 2291 1176 2356; x_wconf 85' lang='lat' dir='ltr'><strong>adhihere</strong></span> <span class='ocrx_word' id='word_1_139' title='bbox 1198 2292 1315 2358; x_wconf 86' lang='lat' dir='ltr'><strong>soleta</strong></span> 
     </span>
     <span class='ocr_line' id='line_1_19' title="bbox 214 2401 1314 2496; baseline 0 -16"><span class='ocrx_word' id='word_1_140' title='bbox 214 2433 301 2480; x_wconf 89' lang='lat' dir='ltr'><strong>nom.</strong></span> <span class='ocrx_word' id='word_1_141' title='bbox 324 2413 408 2496; x_wconf 85' lang='lat' dir='ltr'><strong>sing.</strong></span> <span class='ocrx_word' id='word_1_142' title='bbox 432 2401 607 2492; x_wconf 63' lang='lat' dir='ltr'><strong>uoorwwlo</strong></span> <span class='ocrx_word' id='word_1_143' title='bbox 650 2410 738 2475; x_wconf 88' lang='lat' dir='ltr'><strong>Vide</strong></span> <span class='ocrx_word' id='word_1_144' title='bbox 759 2432 840 2495; x_wconf 81' lang='lat' dir='ltr'><strong>quae</strong></span> <span class='ocrx_word' id='word_1_145' title='bbox 862 2415 1097 2478; x_wconf 73' lang='lat' dir='ltr'><strong>observavimus</strong></span> <span class='ocrx_word' id='word_1_146' title='bbox 1119 2415 1159 2480; x_wconf 89' lang='lat' dir='ltr'><strong>de</strong></span> <span class='ocrx_word' id='word_1_147' title='bbox 1180 2414 1247 2483; x_wconf 85' lang='lat' dir='ltr'><strong>hae</strong></span> <span class='ocrx_word' id='word_1_148' title='bbox 1266 2435 1314 2481; x_wconf 90' lang='lat' dir='ltr'><strong>no·</strong></span> 
     </span>
     <span class='ocr_line' id='line_1_20' title="bbox 213 2508 1138 2600; baseline 0.003 -2"><span class='ocrx_word' id='word_1_149' title='bbox 213 2535 335 2599; x_wconf 89' lang='lat' dir='ltr'><strong>minum</strong></span> <span class='ocrx_word' id='word_1_150' title='bbox 357 2533 585 2598; x_wconf 85' lang='lat' dir='ltr'><strong>fleetendorum</strong></span> <span class='ocrx_word' id='word_1_151' title='bbox 606 2534 733 2599; x_wconf 87' lang='lat' dir='ltr'><strong>ratione</strong></span> <span class='ocrx_word' id='word_1_152' title='bbox 755 2535 796 2599; x_wconf 84' lang='lat' dir='ltr'><strong>ad</strong></span> <span class='ocrx_word' id='word_1_153' title='bbox 818 2555 899 2600; x_wconf 89' lang='lat' dir='ltr'><strong>vers.</strong></span> <span class='ocrx_word' id='word_1_154' title='bbox 924 2533 998 2600; x_wconf 83' lang='lat'><strong>185.</strong></span> <span class='ocrx_word' id='word_1_155' title='bbox 1137 2508 1138 2516; x_wconf 21' lang='lat'>¹</span> 
     </span>
    </p>

    <p class='ocr_par' dir='ltr' id='par_1_8' title="bbox 210 2648 1310 2864">
     <span class='ocr_line' id='line_1_21' title="bbox 345 2648 1310 2738; baseline 0.003 -17"><span class='ocrx_word' id='word_1_156' title='bbox 345 2655 387 2722; x_wconf 89' lang='lat' dir='ltr'><strong>V.</strong></span> <span class='ocrx_word' id='word_1_157' title='bbox 411 2653 484 2722; x_wconf 89' lang='grc'><strong>417.</strong></span> <span class='ocrx_word' id='word_1_158' title='bbox 528 2648 616 2738; x_wconf 78' lang='grc' dir='ltr'><em>μέσα</em></span> <span class='ocrx_word' id='word_1_159' title='bbox 635 2648 663 2727; x_wconf 79' lang='grc' dir='ltr'><strong>’ς</strong></span> <span class='ocrx_word' id='word_1_160' title='bbox 683 2649 740 2732; x_wconf 66' lang='grc' dir='ltr'><strong>τὴν</strong></span> <span class='ocrx_word' id='word_1_161' title='bbox 759 2650 869 2738; x_wconf 75' lang='grc' dir='ltr'><strong>μέσην.</strong></span> <span class='ocrx_word' id='word_1_162' title='bbox 920 2659 970 2724; x_wconf 83' lang='grc'><strong>01.</strong></span> <span class='ocrx_word' id='word_1_163' title='bbox 993 2659 1067 2724; x_wconf 86' lang='lat' dir='ltr'><strong>adn.</strong></span> <span class='ocrx_word' id='word_1_164' title='bbox 1090 2658 1310 2726; x_wconf 65' lang='lat' dir='ltr'><strong>adversaii</strong></span> 
     </span>
     <span class='ocr_line' id='line_1_22' title="bbox 210 2768 1308 2864; baseline 0 -20"><span class='ocrx_word' id='word_1_165' title='bbox 210 2791 244 2845; x_wconf 90' lang='lat' dir='ltr'><strong>et</strong></span> <span class='ocrx_word' id='word_1_166' title='bbox 269 2778 341 2846; x_wconf 90' lang='grc'><strong>193.</strong></span> <span class='ocrx_word' id='word_1_167' title='bbox 364 2813 409 2828; x_wconf 91' lang='lat'><strong>·-</strong></span> <span class='ocrx_word' id='word_1_168' title='bbox 430 2768 551 2860; x_wconf 71' lang='grc' dir='ltr'>καρῦδι,</span> <span class='ocrx_word' id='word_1_169' title='bbox 567 2781 589 2843; x_wconf 87' lang='lat' dir='ltr'><strong>i.</strong></span> <span class='ocrx_word' id='word_1_170' title='bbox 612 2800 640 2843; x_wconf 90' lang='lat' dir='ltr'><strong>e.</strong></span> <span class='ocrx_word' id='word_1_171' title='bbox 663 2777 821 2861; x_wconf 78' lang='grc' dir='ltr'><strong>καρύδιον.</strong></span> <span class='ocrx_word' id='word_1_172' title='bbox 867 2780 916 2847; x_wconf 86' lang='lat' dir='ltr'><strong>Ci.</strong></span> <span class='ocrx_word' id='word_1_173' title='bbox 933 2802 1013 2864; x_wconf 82' lang='lat' dir='ltr'><strong>quae</strong></span> <span class='ocrx_word' id='word_1_174' title='bbox 1031 2784 1170 2860; x_wconf 79' lang='lat' dir='ltr'><strong>diximus</strong></span> <span class='ocrx_word' id='word_1_175' title='bbox 1187 2785 1230 2848; x_wconf 84' lang='lat' dir='ltr'><strong>ed</strong></span> <span class='ocrx_word' id='word_1_176' title='bbox 1247 2781 1308 2850; x_wconf 75' lang='lat' dir='ltr'><strong>nl.</strong></span> 
     </span>
    </p>

    <p class='ocr_par' dir='ltr' id='par_1_9' title="bbox 342 2888 1348 3011">
     <span class='ocr_line' id='line_1_23' title="bbox 342 2888 1348 3011; baseline 0.014 -51"><span class='ocrx_word' id='word_1_177' title='bbox 342 2899 386 2964; x_wconf 87' lang='lat' dir='ltr'><strong>V.</strong></span> <span class='ocrx_word' id='word_1_178' title='bbox 410 2899 486 2967; x_wconf 84' lang='grc'><strong>418.</strong></span> <span class='ocrx_word' id='word_1_179' title='bbox 530 2888 603 2971; x_wconf 68' lang='lat' dir='ltr'><strong>eodo.</strong></span> <span class='ocrx_word' id='word_1_180' title='bbox 622 2891 748 2981; x_wconf 77' lang='grc' dir='ltr'>νῶμους</span> <span class='ocrx_word' id='word_1_181' title='bbox 771 2903 1000 2990; x_wconf 82' lang='lat' dir='ltr'><strong>interpretatus</strong></span> <span class='ocrx_word' id='word_1_182' title='bbox 1022 2926 1092 2969; x_wconf 88' lang='lat' dir='ltr'><strong>sum</strong></span> <span class='ocrx_word' id='word_1_183' title='bbox 1123 2907 1219 2972; x_wconf 88' lang='lat' dir='ltr'><strong>adv.</strong></span> <span class='ocrx_word' id='word_1_184' title='bbox 1246 2905 1305 2974; x_wconf 68' lang='lat' dir='ltr'><strong>15st</strong></span> <span class='ocrx_word' id='word_1_185' title='bbox 1340 2970 1348 3011; x_wconf 43' lang='grc' dir='ltr'><strong>ε</strong></span> 
     </span>
    </p>

    <p class='ocr_par' dir='ltr' id='par_1_10' title="bbox 202 3013 1348 3975">
     <span class='ocr_line' id='line_1_24' title="bbox 342 3013 1304 3114; baseline 0.007 -28"><span class='ocrx_word' id='word_1_186' title='bbox 342 3023 386 3087; x_wconf 92' lang='lat' dir='ltr'><strong>V.</strong></span> <span class='ocrx_word' id='word_1_187' title='bbox 410 3021 485 3089; x_wconf 91' lang='grc'><strong>419.</strong></span> <span class='ocrx_word' id='word_1_188' title='bbox 531 3013 713 3104; x_wconf 52' lang='lat' dir='ltr'><strong>fluentisono</strong></span> <span class='ocrx_word' id='word_1_189' title='bbox 734 3026 829 3088; x_wconf 88' lang='lat' dir='ltr'><strong>metri</strong></span> <span class='ocrx_word' id='word_1_190' title='bbox 852 3028 958 3109; x_wconf 86' lang='lat' dir='ltr'><strong>gratia</strong></span> <span class='ocrx_word' id='word_1_191' title='bbox 980 3048 1039 3114; x_wconf 82' lang='lat' dir='ltr'><strong>pro</strong></span> <span class='ocrx_word' id='word_1_192' title='bbox 1060 3018 1257 3110; x_wconf 63' lang='grc' dir='ltr'><strong>βορβακοῦς.</strong></span> <span class='ocrx_word' id='word_1_193' title='bbox 1275 3061 1304 3078; x_wconf 89' lang='lat'><strong>·-</strong></span> 
     </span>
     <span class='ocr_line' id='line_1_25' title="bbox 208 3142 1302 3235; baseline 0.005 -26"><span class='ocrx_word' id='word_1_194' title='bbox 208 3142 425 3223; x_wconf 72' lang='grc' dir='ltr'>ε’σκιαχτῆκαν</span> <span class='ocrx_word' id='word_1_195' title='bbox 450 3149 490 3212; x_wconf 84' lang='lat' dir='ltr'><strong>ob</strong></span> <span class='ocrx_word' id='word_1_196' title='bbox 510 3148 605 3211; x_wconf 88' lang='lat' dir='ltr'><strong>metri</strong></span> <span class='ocrx_word' id='word_1_197' title='bbox 620 3147 781 3211; x_wconf 87' lang='lat' dir='ltr'><strong>rationem</strong></span> <span class='ocrx_word' id='word_1_198' title='bbox 796 3168 856 3234; x_wconf 89' lang='lat' dir='ltr'><strong>pro</strong></span> <span class='ocrx_word' id='word_1_199' title='bbox 872 3144 1099 3229; x_wconf 72' lang='grc' dir='ltr'>ἐσκιάχιηκαν,</span> <span class='ocrx_word' id='word_1_200' title='bbox 1115 3173 1199 3235; x_wconf 88' lang='lat' dir='ltr'><strong>quae</strong></span> <span class='ocrx_word' id='word_1_201' title='bbox 1214 3155 1302 3218; x_wconf 85' lang='lat' dir='ltr'><strong>lorma</strong></span> 
     </span>
     <span class='ocr_line' id='line_1_26' title="bbox 208 3264 1348 3378; baseline 0 -44"><span class='ocrx_word' id='word_1_202' title='bbox 208 3270 351 3356; x_wconf 73' lang='lat' dir='ltr'><strong>vulgetis</strong></span> <span class='ocrx_word' id='word_1_203' title='bbox 379 3281 445 3346; x_wconf 79' lang='lat' dir='ltr'><strong>est,</strong></span> <span class='ocrx_word' id='word_1_204' title='bbox 479 3273 569 3354; x_wconf 87' lang='lat' dir='ltr'><strong>eujus</strong></span> <span class='ocrx_word' id='word_1_205' title='bbox 596 3268 669 3339; x_wconf 89' lang='lat' dir='ltr'><strong>loeo</strong></span> <span class='ocrx_word' id='word_1_206' title='bbox 697 3271 852 3336; x_wconf 85' lang='lat' dir='ltr'><strong>ineruditi</strong></span> <span class='ocrx_word' id='word_1_207' title='bbox 883 3287 1052 3359; x_wconf 81' lang='lat' dir='ltr'><strong>praetereo</strong></span> <span class='ocrx_word' id='word_1_208' title='bbox 1077 3264 1300 3353; x_wconf 61' lang='lat' dir='ltr'><strong>e’oeeedxmoo</strong></span> <span class='ocrx_word' id='word_1_209' title='bbox 1342 3338 1348 3378; x_wconf 47' lang='grc'><strong>1</strong></span> 
     </span>
     <span class='ocr_line' id='line_1_27' title="bbox 208 3381 1299 3470; baseline 0.007 -17"><span class='ocrx_word' id='word_1_210' title='bbox 208 3381 449 3469; x_wconf 58' lang='grc' dir='ltr'><strong>ἐσκιακβήκανε</strong></span> <span class='ocrx_word' id='word_1_211' title='bbox 470 3403 503 3456; x_wconf 84' lang='grc' dir='ltr'>οι</span> <span class='ocrx_word' id='word_1_212' title='bbox 525 3381 763 3470; x_wconf 57' lang='grc' dir='ltr'><strong>ἑσκιάχθησαν,</strong></span> <span class='ocrx_word' id='word_1_213' title='bbox 795 3395 912 3458; x_wconf 88' lang='lat' dir='ltr'><strong>eruditi</strong></span> <span class='ocrx_word' id='word_1_214' title='bbox 939 3382 1164 3470; x_wconf 66' lang='grc' dir='ltr'>ε’σκιάσβησαν</span> <span class='ocrx_word' id='word_1_215' title='bbox 1192 3399 1299 3464; x_wconf 84' lang='lat' dir='ltr'><strong>dieunt</strong></span> 
     </span>
     <span class='ocr_line' id='line_1_28' title="bbox 205 3513 1298 3603; baseline -0.002 -23"><span class='ocrx_word' id='word_1_216' title='bbox 205 3513 258 3580; x_wconf 83' lang='lat' dir='ltr'><strong>Ex</strong></span> <span class='ocrx_word' id='word_1_217' title='bbox 278 3526 441 3603; x_wconf 85' lang='lat' dir='ltr'><strong>postrema</strong></span> <span class='ocrx_word' id='word_1_218' title='bbox 463 3517 567 3580; x_wconf 82' lang='lat' dir='ltr'><strong>forma</strong></span> <span class='ocrx_word' id='word_1_219' title='bbox 595 3517 705 3581; x_wconf 85' lang='lat' dir='ltr'><strong>statim</strong></span> <span class='ocrx_word' id='word_1_220' title='bbox 728 3515 923 3600; x_wconf 81' lang='lat' dir='ltr'><strong>intelligitur</strong></span> <span class='ocrx_word' id='word_1_221' title='bbox 950 3515 1060 3581; x_wconf 85' lang='lat' dir='ltr'><strong>theme</strong></span> <span class='ocrx_word' id='word_1_222' title='bbox 1087 3537 1159 3582; x_wconf 87' lang='lat' dir='ltr'><strong>esse</strong></span> <span class='ocrx_word' id='word_1_223' title='bbox 1188 3513 1298 3597; x_wconf 72' lang='grc' dir='ltr'>σκιάξω</span> 
     </span>
     <span class='ocr_line' id='line_1_29' title="bbox 204 3637 1298 3724; baseline 0.01 -24"><span class='ocrx_word' id='word_1_224' title='bbox 204 3637 288 3719; x_wconf 83' lang='lat' dir='ltr'><strong>quod</strong></span> <span class='ocrx_word' id='word_1_225' title='bbox 315 3638 352 3703; x_wconf 89' lang='lat' dir='ltr'><strong>in</strong></span> <span class='ocrx_word' id='word_1_226' title='bbox 373 3639 538 3704; x_wconf 78' lang='lat' dir='ltr'><strong>inferioris</strong></span> <span class='ocrx_word' id='word_1_227' title='bbox 560 3641 634 3704; x_wconf 88' lang='lat' dir='ltr'><strong>aevi</strong></span> <span class='ocrx_word' id='word_1_228' title='bbox 656 3641 833 3724; x_wconf 74' lang='lat' dir='ltr'><strong>graecitate</strong></span> <span class='ocrx_word' id='word_1_229' title='bbox 855 3659 923 3705; x_wconf 90' lang='lat' dir='ltr'><strong>non</strong></span> <span class='ocrx_word' id='word_1_230' title='bbox 944 3639 1047 3706; x_wconf 84' lang='lat' dir='ltr'><strong>solum</strong></span> <span class='ocrx_word' id='word_1_231' title='bbox 1069 3652 1233 3710; x_wconf 83' lang='lat' dir='ltr'><strong>vetustam</strong></span> <span class='ocrx_word' id='word_1_232' title='bbox 1257 3639 1298 3710; x_wconf 74' lang='lat' dir='ltr'><strong>oi</strong></span> 
     </span>
     <span class='ocr_line' id='line_1_30' title="bbox 202 3755 1298 3852; baseline 0.01 -31"><span class='ocrx_word' id='word_1_233' title='bbox 202 3755 387 3825; x_wconf 70' lang='lat' dir='ltr'><strong>eminendi</strong></span> <span class='ocrx_word' id='word_1_234' title='bbox 408 3763 576 3827; x_wconf 89' lang='lat' dir='ltr'><strong>notionem</strong></span> <span class='ocrx_word' id='word_1_235' title='bbox 599 3764 744 3843; x_wconf 80' lang='lat' dir='ltr'><strong>retinuit,</strong></span> <span class='ocrx_word' id='word_1_236' title='bbox 767 3764 823 3827; x_wconf 88' lang='lat' dir='ltr'><strong>sed</strong></span> <span class='ocrx_word' id='word_1_237' title='bbox 845 3765 944 3828; x_wconf 89' lang='lat' dir='ltr'><strong>etiam</strong></span> <span class='ocrx_word' id='word_1_238' title='bbox 966 3764 1006 3827; x_wconf 89' lang='lat' dir='ltr'><strong>de</strong></span> <span class='ocrx_word' id='word_1_239' title='bbox 1020 3786 1059 3827; x_wconf 88' lang='lat' dir='ltr'><strong>eo</strong></span> <span class='ocrx_word' id='word_1_240' title='bbox 1075 3765 1214 3851; x_wconf 85' lang='lat' dir='ltr'><strong>eapitur,</strong></span> <span class='ocrx_word' id='word_1_241' title='bbox 1230 3764 1298 3852; x_wconf 78' lang='lat' dir='ltr'><strong>quel</strong></span> 
     </span>
     <span class='ocr_line' id='line_1_31' title="bbox 202 3880 1298 3975; baseline 0.009 -29"><span class='ocrx_word' id='word_1_242' title='bbox 202 3893 254 3946; x_wconf 78' lang='lat' dir='ltr'><strong>eet</strong></span> <span class='ocrx_word' id='word_1_243' title='bbox 275 3891 440 3950; x_wconf 81' lang='lat' dir='ltr'><strong>terrorem</strong></span> <span class='ocrx_word' id='word_1_244' title='bbox 462 3880 623 3966; x_wconf 76' lang='lat' dir='ltr'><strong>incutere,</strong></span> <span class='ocrx_word' id='word_1_245' title='bbox 645 3881 823 3963; x_wconf 77' lang='lat' dir='ltr'><strong>territare,</strong></span> <span class='ocrx_word' id='word_1_246' title='bbox 844 3888 891 3952; x_wconf 88' lang='lat' dir='ltr'><strong>ita</strong></span> <span class='ocrx_word' id='word_1_247' title='bbox 912 3898 948 3951; x_wconf 90' lang='lat' dir='ltr'><strong>ut</strong></span> <span class='ocrx_word' id='word_1_248' title='bbox 969 3888 1132 3975; x_wconf 86' lang='lat' dir='ltr'><strong>passivum</strong></span> <span class='ocrx_word' id='word_1_249' title='bbox 1147 3890 1298 3975; x_wconf 83' lang='lat' dir='ltr'><strong>signifioet</strong></span> 
     </span>
    </p>
   </div>
   <div class='ocr_carea' id='block_1_6' title="bbox 200 4003 1298 4218">
    <p class='ocr_par' dir='ltr' id='par_1_11' title="bbox 200 4003 1298 4218">
     <span class='ocr_line' id='line_1_32' title="bbox 200 4003 600 4094; baseline 0.018 -28"><span class='ocrx_word' id='word_1_250' title='bbox 200 4003 336 4081; x_wconf 80' lang='lat' dir='ltr'><strong>terreri,</strong></span> <span class='ocrx_word' id='word_1_251' title='bbox 357 4027 600 4094; x_wconf 78' lang='lat' dir='ltr'><strong>expavescere.</strong></span> 
     </span>
     <span class='ocr_line' id='line_1_33' title="bbox 331 4121 1298 4218; baseline 0.022 -35"><span class='ocrx_word' id='word_1_252' title='bbox 331 4126 375 4191; x_wconf 87' lang='lat' dir='ltr'><strong>V.</strong></span> <span class='ocrx_word' id='word_1_253' title='bbox 400 4125 475 4196; x_wconf 73' lang='lat'><strong>420.</strong></span> <span class='ocrx_word' id='word_1_254' title='bbox 518 4121 674 4215; x_wconf 65' lang='grc' dir='ltr'><strong>’γλίγωρα</strong></span> <span class='ocrx_word' id='word_1_255' title='bbox 701 4130 862 4198; x_wconf 80' lang='lat' dir='ltr'><strong>declaravi</strong></span> <span class='ocrx_word' id='word_1_256' title='bbox 883 4133 926 4196; x_wconf 84' lang='lat' dir='ltr'><strong>ed</strong></span> <span class='ocrx_word' id='word_1_257' title='bbox 947 4153 1029 4197; x_wconf 90' lang='lat' dir='ltr'><strong>vers.</strong></span> <span class='ocrx_word' id='word_1_258' title='bbox 1052 4129 1127 4198; x_wconf 90' lang='grc'><strong>343.</strong></span> <span class='ocrx_word' id='word_1_259' title='bbox 1152 4170 1198 4184; x_wconf 92' lang='lat'><em>-</em></span> <span class='ocrx_word' id='word_1_260' title='bbox 1222 4125 1298 4218; x_wconf 58' lang='grc' dir='ltr'><strong>ἕδρα</strong></span> 
     </span>
    </p>
   </div>
   <div class='ocr_carea' id='block_1_7' title="bbox 197 4237 1298 4345">
    <p class='ocr_par' dir='ltr' id='par_1_12' title="bbox 197 4237 1298 4345">
     <span class='ocr_line' id='line_1_34' title="bbox 197 4237 1298 4345; baseline 0.012 -34"><span class='ocrx_word' id='word_1_261' title='bbox 197 4246 266 4331; x_wconf 78' lang='grc' dir='ltr'><strong>μαν</strong></span> <span class='ocrx_word' id='word_1_262' title='bbox 286 4249 308 4318; x_wconf 85' lang='grc'><strong>1.</strong></span> <span class='ocrx_word' id='word_1_263' title='bbox 331 4271 358 4317; x_wconf 88' lang='lat' dir='ltr'><strong>e.</strong></span> <span class='ocrx_word' id='word_1_264' title='bbox 382 4237 530 4333; x_wconf 71' lang='grc' dir='ltr'><strong>ἔδραμον.</strong></span> <span class='ocrx_word' id='word_1_265' title='bbox 554 4289 598 4306; x_wconf 90' lang='grc'><strong>--</strong></span> <span class='ocrx_word' id='word_1_266' title='bbox 619 4251 804 4336; x_wconf 62' lang='lat' dir='ltr'><strong>noverim</strong></span> <span class='ocrx_word' id='word_1_267' title='bbox 824 4265 957 4344; x_wconf 82' lang='lat' dir='ltr'><strong>propter</strong></span> <span class='ocrx_word' id='word_1_268' title='bbox 978 4265 1115 4321; x_wconf 86' lang='lat' dir='ltr'><strong>metrum</strong></span> <span class='ocrx_word' id='word_1_269' title='bbox 1135 4278 1197 4345; x_wconf 74' lang='lat' dir='ltr'><strong>pro</strong></span> <span class='ocrx_word' id='word_1_270' title='bbox 1213 4248 1298 4342; x_wconf 75' lang='grc' dir='ltr'><strong>κρύφ</strong></span> 
     </span>
    </p>
   </div>
   <div class='ocr_carea' id='block_1_8' title="bbox 0 0 1354 4672">
    <p class='ocr_par' dir='ltr' id='par_1_13' title="bbox 0 0 1354 4672">
     <span class='ocr_line' id='line_1_35' title="bbox 0 0 1354 4672; baseline 0 8"><span class='ocrx_word' id='word_1_271' title='bbox 0 0 1354 4672; x_wconf 95' lang='lat' dir='ltr'><strong> </strong></span> 
     </span>
    </p>
   </div>
  </div>
 </body>
</html>
