2700 4672
1182 208 1270 284 151*

143 404 294 491 usurpari
321 402 486 481 dixerunt,
516 400 626 465 eodem
655 422 766 465 errore
796 377 868 468 duci
896 404 1059 485 videntur,
1089 425 1167 487 quo,
1191 410 1244 490 qui

141 529 228 615 apud
248 527 386 590 Latinos
399 522 463 613 sui
485 517 661 601 et'exstiti
684 524 770 588 haud
792 547 909 610 magno
932 528 1116 591 discrimine
1139 534 1243 612 sejun-

106 712 111 720 e
141 664 195 715 cta
217 672 288 715 esse
310 652 374 712 reti
396 659 479 712 sunt.
524 648 572 711 Ea
595 648 719 712 seilicet
741 650 905 730 utriusque
933 652 1021 743 verbi
1043 663 1161 715 natura
1183 664 1241 734 est,

83 769 88 780 '
138 795 202 855 qua
219 775 320 854 siqui
338 783 493 849 oratores,
516 784 553 833 ut
566 770 626 834 hoe
641 783 714 835 utar
729 770 887 856 exemplo,
909 785 1014 835 aetate
1029 776 1165 856 quadam
1178 773 1241 863 su-

136 892 204 959 isse
216 895 440 982 perhibentur,
454 895 489 955 in
504 895 544 956 iis
557 907 681 979 tempus
696 914 756 975 quo
770 890 939 973 vixerunt,
953 895 1058 958 solum
1070 868 1240 982 spectetur,
1330 938 1334 947 -

134 1023 166 1085 si
189 1023 242 1101 qui
264 1014 439 1083 exstitisse
461 1017 621 1096 dicuntur,
645 1019 680 1079 in
702 1020 744 1080 iis
767 1038 833 1079 non
855 1016 960 1080 solum
983 1020 1052 1101 ejus
1074 1024 1239 1107 temporis,

136 1165 198 1225 quo
221 1145 359 1220 luerunt,
382 1141 567 1220 sedetiam,
592 1162 652 1221 quo
676 1162 742 1202 non
767 1112 911 1217 luerunt,
935 1152 967 1203 et
996 1161 1069 1221 quo.
1085 1129 1238 1228 paulatim

135 1279 168 1330 et
191 1270 291 1348 quasi'
304 1285 361 1351 per
383 1265 502 1346 gradus
526 1264 679 1344 quosdam
702 1265 742 1324 ad
766 1264 940 1326 oratoriam
964 1264 1155 1328 facultatem
1169 1287 1243 1350 per-4

135 1401 301 1466 venerunt,
325 1388 408 1453 ratio
431 1387 574 1469 ducatur.
619 1385 735 1448 Fusius
758 1385 838 1447 haec
860 1387 1005 1470 exposui,
1029 1399 1064 1450 ut
1086 1389 1239 1469 quidDa-

134 1514 216 1576 vidis
240 1513 349 1596 opinio
373 1523 406 1572 et
429 1510 496 1572 veri
519 1520 552 1571 et
581 1504 655 1570 falsi
685 1509 866 1588 contineat,
900 1509 1167 1590 demonstrarem,
1192 1533 1238 1574 ne
1331 1498 1334 1503 ’

134 1637 205 1716 quis
234 1637 316 1696 forte
346 1635 414 1714 ejus
443 1632 634 1694 auctoritate
664 1631 812 1693 inductus
843 1641 989 1717 tempora
1018 1631 1113 1695 hodie
1141 1634 1238 1717 longe
1316 1691 1318 1698 .

133 1757 239 1834 aliter,
263 1775 357 1836 quam
380 1754 465 1840 apud
488 1762 620 1834 veteres,
654 1755 802 1839 usurpari
826 1755 1028 1817 existimaret
1060 1775 1099 1818 ae
1126 1769 1237 1819 nostro
1275 1826 1281 1835 ,

132 1880 333 1965 potissimum
356 1877 427 1941 loco
450 1879 669 1963 imperfectum
691 1877 877 1960 significatu
894 1880 934 1940 ab
956 1879 1077 1941 aoristo
1097 1900 1164 1941 non
1180 1880 1237 1942 dii-

132 2004 216 2064 terre
239 2004 434 2089 opinaretur.
480 2000 595 2065 Finem
608 1999 693 2111 ¹huic
722 2001 761 2063 de
784 2012 962 2087 temporum
991 1988 1237 2086 praeteritorum

129 2145 193 2188 usu
216 2125 426 2209 disputationi
448 2125 613 2209 imponere
636 2144 773 2207 possem,
805 2125 871 2186 nisi
893 2144 945 2186 res
967 2125 1130 2208 postulare
1153 2127 1236 2188 iride.

130 2258 237 2326 retur,
265 2259 300 2309 ut
328 2249 367 2315 de
396 2245 696 2331 plusquamperieeti
720 2257 752 2308 et
773 2247 872 2308 futuri
895 2249 1048 2331 temporis
1071 2248 1235 2310 circumlo-

129 2371 311 2434 cutionibus
333 2369 488 2450 quaedam
511 2369 709 2430 dissererem.

260 2492 569 2576 Plusquamperlecti
593 2511 657 2553 una
680 2501 804 2553 tantum
826 2489 1025 2576 periphrasis
1041 2490 1160 2553 usitata
1174 2504 1233 2571 est,

127 2617 305 2702 composita
328 2617 513 2701 imperfecto
536 2615 624 2677 verbi
648 2600 713 2687 ἔχω
736 2624 846 2693 atquo,
870 2624 906 2674 ut
928 2614 966 2675 de
988 2614 1115 2697 passivo
1143 2616 1233 2698 prius

127 2740 256 2820 loquar,
286 2738 548 2821 quemadmodum
581 2733 703 2799 Coraes
727 2738 892 2812 censebat,
916 2735 1024 2797 dorico
1047 2736 1162 2798 aoristi
1184 2737 1233 2798 in-

122 2864 261 2926 ⁴linitiro.
314 2863 379 2938 Qui
408 2882 504 2942 quum
526 2862 567 2923 -in
595 2862 723 2946 passivo
753 2861 842 2954 verbi
870 2847 986 2940 γράφω
1014 2859 1098 2944 apud
1127 2859 1232 2923 Dares

126 2988 223 3049 luerit
244 2983 397 3066 preconio
417 3006 477 3070 pro
495 2986 593 3047 attico
609 2978 807 3064 γραφβῆναι,
825 2983 965 3045 recentis
983 2983 1098 3044 aetatis
1115 2982 1232 3046 Graeci

125 3106 212 3170 nihil
233 3109 265 3169 ei
287 3110 437 3171 omittere
461 3108 659 3185 videbantur,
683 3109 748 3168 nisi
765 3128 784 3164 ν
800 3106 908 3185 finale,
932 3091 1008 3178 εἷχα
1028 3102 1163 3184 arpenni
1184 3105 1231 3168 di-

125 3239 234 3292 centes
256 3249 314 3313 pro
339 3207 552 3309 iyeyqoippov.
606 3228 696 3290 Haeo
724 3229 852 3314 opinio,
876 3248 982 3311 quam,
1004 3249 1047 3291 ne
1069 3229 1228 3314 copiosius

124 3354 230 3416 dicere
253 3364 382 3415 coaetus
404 3373 518 3432 essem,
536 3371 639 3436 ‘supra
662 3351 697 3413 in
719 3352 792 3413 adn.
814 3351 854 3415 ad
877 3371 904 3416 v.
932 3351 992 3414 117
1017 3352 1176 3436 adoptavi,
1198 3352 1229 3413 si

122 3478 264 3562 aspeeie
281 3478 360 3555 ueri,
376 3497 479 3567 ,quam
495 3478 634 3561 praebet,
650 3474 847 3552 discesseris,
871 3472 1046 3536 salsissima
1068 3485 1126 3535 est.
1156 3473 1226 3535 Dii-

121 3600 220 3663 ficilis
248 3601 348 3662 etiarn
376 3600 461 3661 ratio
490 3596 794 3682 plusquamperfecti
823 3596 920 3657 activi
949 3607 1014 3673 est,
1038 3595 1120 3674 quod
1149 3593 1226 3655 olim

121 3744 194 3787 eum
216 3724 327 3786 eodem
351 3721 454 3785 Corae
477 3720 558 3782 iolso
581 3720 725 3782 scribens
746 3716 940 3796 loquensque
962 3716 1070 3778 littera
1088 3737 1154 3778 non
1170 3736 1225 3777 ne-

121 3848 263 3911 cessaria
290 3846 373 3908 auxi.
427 3844 548 3907 Coraes
577 3844 664 3905 enim
696 3841 781 3905 hanc
809 3840 1123 3903 circumlocutionem
1150 3824 1225 3909 εἷχα

109 3960 238 4051 ’.γράψει
259 3989 319 4055 pro
342 3956 531 4049 e'yeypo'npem
552 3988 572 4025 ν
593 3965 687 4029 finali
710 3966 846 4042 ornarit,
871 3978 905 4026 ut
929 3964 1003 4026 huic
1019 3963 1145 4026 dicendi
1162 3964 1223 4025 lor·

119 4092 226 4157 mulae
241 4092 450 4175 antiquitatis
473 4090 611 4154 colorem
635 4090 832 4155 conciliaret.
897 4088 1039 4166 Idcirco,
1062 4099 1096 4150 ut
1115 4107 1221 4151 exem-
