2700 4672
1159 208 1221 257 Xlll

119 384 249 461 eruditi
274 383 324 458 ita
348 379 580 482 loquerentur
604 388 642 453 et
665 378 881 466 scriberent,
913 385 959 452 ut
984 376 1029 450 ad
1055 373 1221 455 dictionis

119 515 382 618 praestantiam,
409 512 548 613 qualem
573 510 756 613 superiora
782 508 921 585 saecula
946 508 1117 599 tulerant,
1141 535 1224 610 pro·

119 650 213 725 xime
239 644 461 735 accederent,
485 642 613 744 vulgus
638 653 769 731 tamen,
795 642 892 741 quod
917 651 1000 717 aute
1026 651 1104 716 acta
1134 651 1224 717 tem-

119 809 208 883 pora
239 806 313 855 nou
349 785 459 866 curat,
483 774 733 878 praesentibus
770 773 871 847 malis
905 774 1143 874 ingemiscens
1177 775 1224 850 ob

120 913 317 987 litterarum
342 908 576 1011 ignorantiam
607 931 681 979 non
712 904 837 980 rudius
869 905 992 996 modo,
1022 905 1089 982 sed
1119 906 1226 982 etiam

124 1022 326 1143 coriuptius
361 1037 533 1140 loquendi
570 1063 684 1140 genus
720 1039 791 1136 jam
825 1035 989 1113 babebat
1038 1037 1138 1114 Haec
1168 1039 1228 1115 illa

124 1185 180 1267 est
205 1174 333 1273 lingua,
358 1197 465 1273 quam
489 1167 573 1244 iude
599 1197 619 1245 a
644 1178 748 1244 sexto
773 1168 847 1244 lere
872 1179 958 1270 post
981 1168 1066 1246 Chr.
1091 1196 1126 1244 n.
1151 1196 1229 1247 sae-

124 1306 204 1383 culo
236 1305 457 1381 Graecorum
493 1303 689 1404 scriptores
725 1301 906 1404 vulgarem
935 1300 993 1380 vel
1021 1301 1230 1403 popularem

125 1437 310 1541 (δημώδη,
324 1433 465 1536 ἁπλῆν,
479 1431 624 1536 κοινὴν,
641 1431 828 1537 ἰδιωτικὴν
837 1433 1231 1538 dtdlteatrovvelqutciio·

126 1602 203 1649 σαν
232 1575 309 1645 τῶν
337 1567 535 1662 χυδαίων)
568 1565 757 1666 appellant
810 1565 855 1637 ln
884 1564 954 1639 boc
983 1591 1104 1640 rerum
1132 1577 1232 1641 statu

80 1694 86 1705 ⁸
126 1703 215 1777 nihil
232 1699 409 1783 funestius¹
428 1696 543 1799 plebis
561 1697 735 1798 loquelae,
759 1722 865 1797 quam
883 1696 920 1771 iu
938 1695 1017 1773 dies
1034 1722 1232 1797 augescens

128 1862 194 1936 per
218 1841 335 1909 totum
359 1828 467 1903 medii
491 1830 570 1907 aevi
594 1830 749 1931 spatium
780 1855 862 1904 cum
890 1829 1088 1930 peregrinis
1120 1829 1233 1930 genti-

128 1968 198 2043 bus
224 1961 475 2061 commercium
500 1961 662 2038 accidere
693 1970 845 2063 poterat.
904 1961 1035 2040 Variae
1066 1962 1234 2037 nimirum

129 2098 292 2189 nationes
318 2096 507 2185 barbarae,
533 2121 625 2194 quae
651 2094 876 2169 continenter
907 2093 945 2169 in
974 2095 1114 2197 imperii
1145 2095 1234 2170 lmes

129 2229 373 2332 irrumpebant
397 2236 435 2301 et
459 2227 671 2327 quibuscum
696 2253 812 2327 usque
837 2226 929 2301 bella
950 2228 1104 2329 gerenda
1122 2237 1235 2318 erant,

130 2361 303 2464 imprimis
329 2385 415 2437 vcro
440 2358 590 2434 fanatica
620 2358 680 2432 illa
711 2358 974 2435 Crucilerorum
1007 2359 1146 2459 agmina
1176 2385 1237 2438 va·

131 2505 189 2570 sto
214 2489 368 2566 tumultu
401 2489 589 2567 Graeciam
618 2492 863 2592 percursantia
893 2519 975 2568 cum
1004 2492 1125 2569 multis
1157 2494 1237 2592 ejus
1335 2556 1340 2563 .

130 2625 266 2701 incolas
292 2621 431 2695 damnis
456 2621 669 2712 affecerunt,
699 2632 777 2696 tum
807 2623 1006 2697 constituto
1035 2625 1085 2697 ibi
1116 2623 1238 2712 latino,

133 2755 231 2859 quod
262 2752 456 2841 vocabant,
492 2751 642 2853 imperio
673 2752 820 2853 longum
848 2779 913 2853 per
942 2763 1085 2854 tempus
1121 2751 1238 2854 plebis

133 2886 290 2993 sermoni
321 2884 376 2959 sic
405 2895 621 2977 nocuerunt,
653 2896 695 2962 ut
719 2885 832 2987 magis
861 2885 1047 2988 magisque
1078 2885 1238 2965 insititiis

132 3021 281 3101 vocibus
312 3014 579 3092 deformaretur.
633 3017 709 3095 Sed
739 3019 833 3092 enim
863 3043 937 3093 nou
965 3016 1092 3093 hostes
1123 3017 1239 3093 solum

132 3154 172 3229 iu
201 3176 308 3228 causa
339 3148 499 3240 suerunt,
534 3159 577 3224 ut
605 3149 761 3250 vulgaris
791 3150 881 3225 haec
914 3150 1087 3252 graecitas
1122 3146 1241 3223 labem

132 3262 370 3371 contraheret,
394 3305 519 3355 verum
542 3279 593 3355 illi
619 3290 763 3384 quoque
778 3283 910 3385 populi,
928 3284 990 3384 qui
1006 3292 1241 3357 mercaturam

134 3415 305 3491 facientes
332 3438 377 3486 ex
406 3411 484 3489 aliis
508 3414 715 3516 regionibus
746 3404 974 3491 mercimonia
1005 3415 1051 3489 ad
1080 3413 1241 3489 Graecos

134 3546 371 3648 perferebant,
395 3543 574 3645 plebejum
603 3546 774 3648 loquendi
806 3574 919 3649 genus
949 3547 1158 3645 inquinasse
1190 3545 1243 3617 di-

136 3676 241 3754 cendi
265 3686 359 3753 sunt
407 3676 575 3777 Namque
599 3679 748 3756 vocibus
773 3679 929 3768 Latinis,
954 3676 1102 3766 Italicis,
1134 3673 1244 3751 Galli·

137 3813 207 3903 cis,
230 3807 413 3898 Arabicis,
437 3808 618 3901 Turcicis,
649 3809 848 3887 Slavonieis
881 3812 1033 3911 aliisque
1063 3816 1141 3881 tum
1171 3807 1243 3911 pri-

136 3969 233 4019 mnm
257 3939 381 4042 populi
405 3967 524 4017 sermo
547 3951 712 4043 turpatus
744 3953 781 4019 et
806 3945 909 4044 quasi
934 3940 1152 4018 adulteratus
1177 3951 1243 4019 est

136 4074 296 4165 Primus,
329 4071 427 4173 quod
457 4072 583 4163 sciam,
621 4076 683 4174 qui
714 4073 850 4175 vulgari
881 4076 998 4177 lingua
1028 4073 1067 4147 in
1096 4073 1243 4175 scriptis

93 4242 96 4247 ·
136 4233 226 4283 usus
253 4214 325 4298 est,
350 4204 417 4301 luit
447 4203 661 4285 Theodorus
692 4206 929 4302 Prodromus,
960 4233 1067 4309 quem
1099 4205 1244 4306 saepius
