2700 4672
130 225 201 300 124

129 422 309 488 recentiore
337 421 513 505 graeeitate
540 408 680 493 κοπιάζω
716 415 921 496 laborandi,
957 417 1124 496 rotlandi,
1136 414 1233 509 fati.

126 542 248 634 gandi‚
285 536 488 630 conficiendi
521 544 586 606 vim
619 555 652 606 et
684 554 876 628 potestatem
910 542 1013 608 habet.
1058 545 1233 609 Praeterea

24 680 28 691 “
128 666 230 736 eundi
251 669 341 731 notio
364 669 399 730 in
422 667 619 749 quibusdam·
632 666 782 748 loquendi
804 669 917 730 iormis
938 669 970 730 ei
993 671 1144 732 tribuitur
1158 691 1188 732 v.
1207 691 1232 733 o.

126 783 269 868 κόπιασε,
291 781 330 851 σέ
352 785 528 870 παρακαλῶ
548 785 636 864 veni,
659 809 787 875 quomo
807 779 972 855 κοπιάσειε
987 785 1074 871 μέσα
1089 791 1231 856 intrate.

127 950 170 964 —
189 877 367 992 ααιάψιλος
389 914 613 993 tenuissimus,
642 914 880 977 subtilissimus.
906 886 964 959 *—
1001 903 1177 995 remorderi.
1201 938 1230 980 e.

126 1028 302 1119 etnptdvrort.

191 1234 197 1244 .
255 1159 301 1222 V.
325 1158 398 1224 306.
444 1150 502 1236 ἅττ’]
523 1182 589 1244 μου
610 1161 632 1223 i.
656 1182 683 1223 e.
711 1148 789 1237 αὐτή
810 1182 883 1240 μου.
928 1160 1003 1224 Jam
1033 1142 1250 1248 Ptoehopross

125 1287 256 1349 dromus
283 1273 357 1354 ἅτός
383 1304 441 1370 pro
469 1271 564 1354 αὐτός
592 1284 757 1370 usurpavit
786 1286 918 1347 barbare
948 1285 1081 1370 insuper
1102 1285 1229 1370 adjecto

125 1410 268 1494 genitivo
295 1409 496 1494 pronominis
525 1377 663 1491 alicujus
689 1405 884 1491 personalis,
914 1409 962 1470 ita
989 1418 1024 1470 ut
1046 1408 1133 1472 dieat
1155 1399 1230 1481 ἀτός

124 1555 189 1612 μου
211 1552 270 1617 pro
293 1520 387 1600 αὐτὸς
414 1519 494 1612 ἐγώ,
523 1520 597 1599 ἀιὸις
618 1549 681 1589 σου
702 1551 761 1615 pro
784 1519 879 1600 αὐτὸς
901 1520 963 1606 αὖ,
985 1520 1058 1601 dode
1085 1553 1142 1592 rou
1168 1554 1244 1619 pro·

124 1647 220 1725 αὐτὸς
241 1636 330 1726 οὗτος
351 1653 402 1717 vel
425 1634 520 1724 adroic
542 1648 666 1723 ἐκεῖνος.
711 1652 797 1715 Nam
819 1652 874 1716 lib.
890 1653 925 1717 II
946 1675 1027 1718 vers.
1048 1653 1114 1721 586
1136 1677 1166 1744 p.
1183 1655 1227 1721 35

123 1778 173 1842 ed.
197 1777 273 1842 Cor.
296 1778 388 1840 dicit:

245 1887 319 1970 ἆιὸς
341 1922 396 1960 rov
417 1891 536 1982 γίνεται
559 1889 662 1980 ἰατρὸς
682 1887 739 1959 καὶ
760 1887 835 1959 τάδε
856 1894 1077 1982 παραγγέλλει.

125 2024 174 2089 ct.
199 2023 336 2088 Coraem
359 2025 400 2088 ad
423 2023 454 2086 h.
477 2023 499 2086 l.
522 2035 555 2086 et
577 2024 619 2086 ad
640 2023 693 2086 lib.
716 2023 733 2086 1
761 2043 842 2086 vers.
867 2021 930 2086 127
954 2044 983 2108 p.
1009 2021 1082 2090 116.
1127 2023 1227 2090 Simi-

108 2147 199 2233 ‘liter
230 2149 315 2235 apud
347 2147 522 2212 Homerum
555 2136 657 2226 αὐτάρ
690 2158 724 2209 et
756 2135 838 2228 ἀτάρ
872 2148 1051 2232 promiscue
1079 2147 1227 2214 adhiberi

122 2271 269 2336 omnibus
298 2282 408 2334 notum
437 2282 495 2333 est.
545 2269 655 2332 Zenus
682 2248 792 2333 noster
820 2271 854 2333 in
877 2267 939 2333 hoo
961 2283 1085 2333 tantum
1107 2292 1127 2334 a
1150 2272 1226 2336 Pto-

123 2393 355 2482 ehoprodromo
377 2393 550 2478 discrepat,
573 2393 656 2474 quod
684 2413 752 2456 non
774 2393 878 2457 solum
901 2381 959 2468 ἅιή
980 2417 1045 2473 μου
1065 2416 1125 2480 pro
1147 2385 1227 2470 αὐτὴ

122 2508 186 2600 ἐγώ
208 2517 262 2582 hie
284 2517 385 2604 ponit,
409 2516 465 2579 sed
488 2517 585 2578 etiam
607 2518 713 2603 ipsum
736 2506 799 2598 ἐγώ
820 2518 1022 2602 superaddit,
1050 2519 1143 2598 quasi
1170 2537 1226 2581 ne·

121 2643 246 2721 sciens,
275 2641 307 2703 id
329 2659 558 2725 supervacuum
580 2661 650 2704 esse
672 2653 873 2726 propterea,
903 2661 984 2722 quae
1012 2641 1153 2703 dicturus
1176 2653 1226 2704 est

121 2753 177 2840 ἀτῆ
198 2786 272 2846 μου.
312 2782 314 2786 ·

256 2887 296 2949 V.
320 2883 394 2949 307.
438 2873 562 2967 φόρεμα
591 2883 779 2979 yooahulum
808 2897 920 2948 natum
943 2907 984 2947 ex
1006 2897 1146 2947 veterum
1170 2875 1226 2962 φό.

120 3031 207 3091 popa
234 3020 270 3072 ut
298 3000 384 3089 ξερὸς
412 3031 453 3072 ex
480 2998 587 3089 ξηρός,
614 2991 751 3086 πλερόνω
781 3029 822 3070 ex
850 2996 981 3086 πληρὸω.
1030 3007 1089 3071 Est
1116 3020 1224 3071 autern

120 3121 243 3212 φόρεμα
266 3132 349 3218 apud
372 3133 566 3195 recentiores
588 3125 701 3196 vestis.
746 3128 795 3193 ct.
818 3129 902 3193 Aeta
926 3129 1068 3193 Coneilii
1089 3130 1224 3194 Floren-

120 3255 183 3318 tini
211 3275 285 3340 pag.
316 3253 337 3319 8
370 3255 418 3318 ed.
446 3253 576 3316 Labbei.
627 3251 767 3316 Fabulae
796 3252 919 3336 Aesopi
949 3254 1225 3336 barbarograeeae

119 3399 151 3465 p.
183 3377 244 3441 135
278 3378 327 3442 ed.
361 3376 478 3440 Venet.
514 3393 590 3438 ann.
631 3372 725 3438 1644.
771 3375 924 3439 Malaxus
958 3378 993 3438 in
1027 3375 1100 3440 hist
1133 3376 1224 3438 Patr.

42 3491 44 3499 ’
119 3521 193 3588 pag.
219 3499 291 3568 158.
343 3499 486 3562 Codinus
515 3499 555 3561 de
583 3499 678 3562 offic.
706 3519 775 3585 cap.
799 3497 819 3561 ci
847 3518 880 3560 n.
907 3498 947 3562 15
976 3520 1045 3586 oap.
1068 3495 1088 3562 6
1110 3517 1142 3559 n.
1167 3494 1247 3562 29.-¹

9 3625 21 3649 ²
120 3657 164 3671 ·-
191 3611 381 3688 eordasom'
410 3622 433 3685 i.
460 3643 487 3684 e.
515 3610 712 3684 κατάλευκου
741 3616 1027 3684 candidissimum.
1066 3656 1108 3668 -
1145 3644 1225 3700 φου.

119 3736 211 3808 ordor
238 3747 286 3809 sie
314 3745 547 3830 interpretatur
573 3746 765 3828 Dueangius
794 3744 898 3807 Gloss.
922 3745 1003 3806 med.
1025 3755 1059 3807 et
1082 3745 1139 3806 ini.
1165 3745 1223 3807 Gr.

119 3871 210 3934 Tom.
232 3868 266 3931 ll
294 3865 453 3954 p.1700:
482 3857 645 3948 ‹poooro'wn
673 3867 822 3950 (corrige
855 3855 1031 3948 φουσιάνι)
1054 3862 1225 3954 sustuna,

118 3992 220 4080 panni
241 3991 376 4076 speeies,
400 3991 438 4054 de
456 3961 523 4073 ¹qua
545 3991 585 4080 ln·
604 3988 771 4052 Glossario
793 3989 874 4050 med.
896 3985 991 4053 Lat!
1027 3989 1076 4052 At
1090 4001 1141 4053 est
1156 3992 1225 4055 iere

66 4190 70 4197 ὑ
119 4113 154 4177 id
186 4112 370 4177 vestimenti
402 4132 514 4198 genus,
548 4111 632 4192 quod
662 4105 799 4195 pallum
832 4108 980 4174 Romani
1007 4113 1225 4198 appellarunt.

118 4235 306 4322 originatio
327 4235 415 4302 voeir
433 4233 547 4314 *multis
570 4234 769 4298 eruditorum
788 4231 885 4298 dubia
899 4233 1033 4298 videtur·
1069 4233 1225 4316 Plerique
