2700 4672
1109 209 1123 243 O

342 428 386 492 V.
410 427 464 494 72.
507 418 663 488 κάνουσιν
693 427 779 491 idem
811 439 907 493 sonat
945 430 1028 512 quod
1061 421 1254 511 κάμνουσιν.
1277 467 1322 481 -

212 546 330 617 κάλλιον
350 563 499 616 neutrum
521 550 657 637 pluralis
674 553 800 615 numeri
819 554 1030 639 comparativi
1052 555 1196 618 adverbii
1218 558 1321 621 vicem

212 676 355 764 explens.
400 666 586 738 Notandum
608 694 697 755 vero,
716 695 736 738 a
752 675 979 760 comparativis
1001 677 1037 738 iu
1060 699 1105 734 ων
1126 682 1321 744 exeuntibus

212 801 247 863 iu
275 800 432 862 deteriore
460 808 695 883 postremorum
724 797 929 860 saeculorum
959 800 1136 881 graecitate
1170 822 1321 866 manasse

210 922 310 987 aliam
338 923 474 984 sormam
504 921 646 1004 ejusdcm
673 922 860 1007 potestatis,
888 925 979 1004 cujus
1008 923 1127 1007 positio
1155 947 1189 993 ος
1210 937 1276 1006 est,
1299 946 1320 989 a

209 1045 302 1133 plebe
323 1045 463 1107 maxime
485 1054 637 1107 amatam.
687 1039 746 1106 Sic
769 1044 870 1126 igitur
891 1044 994 1114 alcior
1015 1020 1074 1130 pro
1097 1038 1226 1124 πίωίινν,
1253 1051 1320 1126 μεῖ-

210 1173 261 1244 goe
278 1188 337 1254 pro
352 1158 478 1247 μείζων,
491 1154 621 1235 κᾶλλως
633 1187 694 1252 pro
709 1157 849 1224 καλλίων
863 1186 945 1230 nove
959 1170 1177 1253 procudcruut
1190 1171 1318 1234 Graeci.

209 1291 299 1355 Fieri
320 1302 431 1353 tamen
452 1299 574 1375 potest,
597 1299 634 1350 ut
656 1289 811 1369 quaedam
840 1271 954 1353 barum
982 1293 1158 1354 formarum
1186 1295 1222 1356 iu
1250 1294 1317 1380 ple·

208 1415 282 1497 beja
308 1425 451 1476 veterum
479 1410 591 1494 lingua
615 1413 686 1494 jam
714 1412 909 1475 exstiterint
963 1412 1012 1476 Cl.
1037 1413 1111 1476 Cor.
1135 1415 1177 1478 ad
1199 1417 1315 1480 Prodr.

208 1536 264 1599 lib·
288 1535 305 1599 l
326 1555 357 1621 p·
383 1532 435 1599 52.
481 1533 646 1619 Imprimis
673 1544 782 1596 autem
805 1547 982 1598 memoratu
1004 1535 1136 1618 dignum
1163 1549 1230 1619 est,
1260 1561 1316 1626 po-

208 1659 353 1746 pularem
381 1656 532 1739 loquendi
560 1657 720 1724 rationem
742 1658 809 1720 sere
831 1678 963 1744 prorsus
990 1679 1141 1744 respuere
1163 1639 1315 1726 adverbia

208 1784 244 1846 iu
266 1805 308 1852 ως
329 1781 495 1859 cadentia,
518 1800 578 1864 pro
601 1780 714 1860 quibus
735 1791 851 1843 neutra
872 1780 1026 1867 plurativi
1048 1783 1175 1845 numeri
1196 1785 1233 1846 iu
1253 1805 1315 1848 usu

208 1917 294 1983 sunt,
318 1924 399 1984 quae
421 1904 582 1984 antiquos,
605 1903 634 1965 si
656 1923 677 1966 a
699 1902 905 1988 superlativis
921 1906 1103 1984 recesseris,
1127 1907 1239 1986 quibus
1253 1906 1314 1972 illa

208 2038 403 2116 competunt,
425 2027 555 2111 saepius
578 2025 703 2108 quidem
726 2026 762 2086 in
779 2026 983 2106 carminibus,
999 2028 1165 2090 rarissime
1181 2050 1256 2092 vero
1276 2032 1313 2093 in

206 2150 349 2237 pedestri
377 2149 523 2212 oratione
545 2149 587 2212 -in
616 2148 838 2210 adverbiorum
860 2146 966 2211 locum
989 2136 1152 2213 suffecisse
1175 2164 1312 2216 constat.

207 2273 283 2338 Vid.
311 2271 431 2362 Matth.
461 2274 517 2334 Gr.
542 2270 597 2333 Gr.
627 2266 656 2354 ᾗ·
680 2265 745 2331 llo
772 2291 804 2355 p.
828 2267 892 2334 833
920 2271 968 2334 ed.
993 2271 1037 2335 ΙΙ.
1083 2274 1192 2336 Pauca
1214 2273 1313 2358 hujus

183 2411 190 2418 '
207 2398 335 2481 generis
357 2394 505 2482 exempla
526 2393 708 2479 suppeditat
722 2390 909 2477 Xenophon
930 2416 960 2458 v.
976 2417 1002 2457 c.
1019 2394 1126 2461 Anah-⁴
1144 2397 1205 2476 lV,
1221 2397 1252 2474 l,
1270 2397 1311 2463 12

206 2511 262 2580 nul
284 2508 411 2600 &aptari
431 2506 639 2597 παρήγγειλεν
653 2508 671 2575 ὃ
687 2512 830 2592 Ξενοφῶν
851 2509 1028 2597 ὑπομένειν,
1048 2507 1099 2576 dre
1120 2513 1152 2579 οἱ
1172 2514 1312 2600 πολέμιοι

206 2639 346 2723 ἰσχυρῶς
379 2631 555 2716 ἐπικέοιντο,
588 2639 643 2702 ubi
674 2636 819 2718 ἓνμινῶς
853 2640 962 2703 dicere
995 2641 1123 2705 licebat
1180 2643 1310 2707 Pariter

205 2766 349 2852 Thucyd.
371 2763 426 2831 lib.
450 2763 467 2825 l
490 2781 558 2846 cap.
582 2759 612 2824 6.
641 2752 815 2838 ἀποδείξειέ
837 2781 881 2833 τις
908 2752 943 2823 τὸ
969 2753 1106 2822 παλαιὸν
1129 2753 1310 2841 Ἐλληνικόν

204 2875 390 2969 ὃμοιὸτροπα
412 2882 453 2960 τῷ
474 2880 534 2942 νῦν
554 2881 736 2964 βαρβάρικῷ
762 2874 980 2964 διαιτώμενον,
1008 2887 1063 2948 ubl
1091 2888 1155 2949 dici
1181 2900 1310 2973 poterat

204 2997 416 3105 durotmpdttfflc·
448 3006 552 3072 Hodie
575 3009 675 3090 igitur
696 3008 786 3092 plebs
801 3000 986 3088 ciprelrpre'na
999 3028 1058 3095 pro
1075 3001 1208 3088 ἀμελῶς,
1225 3012 1309 3090 quod

203 3133 400 3196 eruditorum
427 3140 492 3207 cst,
520 3143 668 3216 usurpat,
697 3121 809 3190 δίκαια
834 3151 894 3216 pro
921 3122 1067 3211 δικαίως,
1099 3121 1220 3191 σπάνια
1247 3153 1309 3218 pro

202 3243 342 3321 σπανίως
363 3262 396 3315 et
417 3265 571 3318 sexcenta
593 3254 659 3317 alia
681 3251 864 3336 hujusmodi
886 3255 975 3317 dicit.

336 3373 378 3436 V.
402 3375 455 3441 73.
499 3371 587 3458 μέσα
617 3371 660 3444 εἰς
691 3375 905 3435 recentiorum
939 3385 1101 3438 structura
1129 3387 1193 3454 cst,
1226 3396 1308 3457 quae

103 3508 107 3514 '
201 3498 386 3586 plerumque
407 3501 594 3562 tantundem
614 3492 709 3573 valet,
733 3504 885 3575 quantum
911 3495 1016 3559 solum
1044 3491 1087 3565 εἰς
1114 3498 1200 3582 apud
1221 3509 1307 3563 vete.

200 3642 262 3685 res.
313 3623 551 3702 Nonnunquam
578 3616 710 3703 ponitur
736 3637 795 3704 pro
824 3605 896 3680 ἔσω.
948 3619 997 3682 Cl.
1027 3619 1175 3703 Ducang.
1200 3619 1306 3688 Gloss

200 3747 282 3810 med.
305 3756 338 3809 et
359 3745 417 3806 inl.
442 3760 489 3823 gr.
513 3761 544 3825 p.
568 3738 645 3805 909.
674 3775 718 3787 -
746 3729 837 3819 βαίνω
855 3762 960 3828 pono,
983 3742 1126 3827 vulgaris
1149 3746 1306 3825 graecita-

199 3870 243 3933 tis
271 3865 368 3929 dictio
396 3875 454 3929 est.
510 3863 559 3926 Cf.
588 3883 669 3944 quae
697 3865 782 3927 infra
811 3865 951 3929 diximus
980 3867 1021 3929 ad
1050 3887 1131 3929 vers.
1162 3864 1238 3930 26&
1262 3903 1307 3912 —

199 3990 266 4057 mig
287 3975 431 4055 κᾶλλιαις
456 3977 628 4082 propudium
656 4006 722 4049 non
756 3989 837 4051 bene
863 3991 959 4053 vertit
989 3989 1124 4053 Crusius
1152 3985 1307 4054 meliores

101 4184 105 4189 ,
199 4105 328 4171 odores.
361 4072 554 4172 ”dicendum
576 4122 646 4173 erat
673 4106 817 4196 optimos
839 4110 959 4176 odores
987 4112 1038 4175 vel
1064 4110 1194 4197 optima
1226 4111 1304 4176 oda

115 4218 135 4251 ¹·
200 4237 367 4291 ramenta.
417 4231 547 4295 Etenim
581 4236 816 4319 comparativus
848 4235 1062 4319 praecedente
1098 4235 1235 4300 articulo
1268 4237 1305 4298 in
