2700 4672
90 481 185 548 Vada
207 482 402 546 instratum
424 480 505 563 ejus,
528 477 597 559 illo,
620 478 674 543 ubi
697 479 801 559 cubat,
847 541 848 544 ,

63 616 64 619 ’
90 613 220 678 mordeo
243 613 346 701 ipsum
369 613 406 676 in
431 609 628 693 digito,·ncc
650 612 885 677 animadvertit.

91 745 227 809 Mordec
249 754 283 808 et
296 742 425 807 calcem
447 744 528 826 ejus,
550 760 750 824 naquaquam
772 744 806 811 id
826 723 928 823 curat,

92 876 149 942 scd
170 876 289 940 dormit
310 875 462 954 suaviter,
484 860 590 936 itaut
611 862 736 939 stertat.
862 864 864 868 ’

94 1010 308 1088 Quaecunque
330 1004 536 1071 inveniuntur
557 1005 594 1069 in
617 1015 715 1086 tarra,
737 1021 936 1088 nequaquam
957 1026 997 1071 ea
1019 1028 1130 1090 curo,

93 1138 187 1202 felem
209 1123 374 1219 (tantum)
396 1147 429 1201 ct
449 1120 643 1225 accipitram'
657 1154 758 1226 supra
777 1138 906 1204 modum
927 1148 1046 1218 trcm03

93 1282 126 1335 et
148 1269 229 1337 sunu
250 1269 399 1354 (notun)
423 1267 604 1355 aunuum
625 1271 734 1334 eunuc
755 1250 973 1335 uubanus.
1048 1259 1050 1263 ’

94 1401 181 1467 Dolo
204 1401 259 1465 dat
280 1411 435 1478 mortem
457 1398 529 1462 idac
551 1398 633 1466 iuuu
654 1397 781 1467 banea.
842 1419 843 1423 ’

94 1533 202 1600 Felem
223 1533 404 1615 ubicunque
423 1529 528 1611 video,
550 1541 584 1595 et
605 1532 714 1597 ubiubi
735 1534 966 1617 animadverto,

94 1685 173 1752 praa
194 1674 282 1728 metu
303 1684 376 1728 mcc
398 1664 489 1744 abeo,
512 1662 579 1728 rere
600 1672 638 1727 ut
660 1665 833 1729 exanimor.

95 1795 250 1878 (ltaque)
272 1793 337 1860 buc
356 1806 391 1860 et
412 1791 490 1859 illuc
504 1805 662 1882 respecto,
684 1785 822 1878 quonam
835 1797 1018 1864 medaeam
1034 1801 1196 1886 effugiam,

95 1940 128 1992 et
143 1928 305 1992 inveniam
322 1929 467 1992 foramen
480 1926 550 2008 iilic
561 1928 597 1992 in
611 1928 803 2014 propinquo,
814 1938 851 1993 ut
860 1950 898 1992 eo
910 1951 1087 2019 properem,
1103 1947 1137 1998 et
1147 1956 1197 2000 me

95 2060 147 2123 Ne
162 2078 225 2143 qua
239 2056 489 2145 comprehendat
502 2079 565 2141 mc,
580 2060 721 2142 invadat,
737 2072 771 2126 ct
784 2079 836 2125 me
850 2062 995 2146 suffocet,
1028 2067 1197 2151 [cundam,

95 2201 129 2254 et
150 2192 187 2255 in
207 2188 272 2255 buc
291 2188 425 2276 pulchro
448 2182 582 2278 corpore
603 2208 728 2274 unguas
749 2211 825 2258 suus
847 2194 975 2281 defigas

95 2321 186 2386 Haec
206 2322 273 2385 tria
294 2322 502 2386 inveniuntur
522 2322 560 2385 in
581 2320 680 2407 plano
702 2332 735 2385 et
756 2313 793 2389 in
814 2327 976 2392 montibus

96 2450 179 2525 mihi
196 2463 229 2516 ct
250 2453 363 2536 generi
384 2470 457 2516 mco
478 2451 605 2517 Inimici
627 2451 792 2539 capitales.

97 2582 164 2649 Sed
184 2596 221 2649 tu
243 2584 397 2649 formidas
418 2573 580 2663 universa,
602 2593 670 2647 tum
692 2601 801 2670 parva,
825 2595 894 2650 tum
914 2605 1044 2673 magna,

97 2716 239 2804 reptilia,
261 2715 416 2795 voluciia,
436 2712 584 2779 homiues
606 2725 639 2778 et
662 2725 805 2796 caetera3

97 2859 192 2930 atque
213 2859 250 2912 ut
270 2849 349 2913 dicit
370 2847 584 2935 proverbium,
607 2848 753 2911 umbram
774 2859 864 2911 tuam
886 2849 1011 2913 metuis.

99 2976 181 3043 Sola
202 2998 266 3042 vox
287 2989 343 3042 tua
364 2998 482 3066 aspera
503 2988 535 3041 te
557 2978 681 3043 indicat
703 2978 818 3060 (assa)
840 2980 971 3063 aliquid.

98 3109 169 3193 Ego
191 3128 259 3172 non
281 3127 391 3173 vescor
412 3109 561 3191 oleribus,
584 3110 685 3192 (aut)
707 3109 902 3197 palustribus
923 3110 1044 3194 herbis,

99 3260 161 3306 nec
182 3240 335 3320 brassica,
358 3257 419 3302 nac
439 3240 525 3324 apio,
546 3259 606 3304 nec
627 3263 736 3328 porro,
758 3241 1001 3330 autuaphania

99 3372 161 3436 His
184 3372 330 3435 omnibus
352 3370 520 3436 vescimini
540 3388 608 3449 vos,
630 3384 663 3436 ct
683 3375 725 3438 iis
748 3374 964 3453 delectamini,

101 3504 278 3588 quicunque
299 3504 337 3566 in
358 3488 474 3588 palude
495 3502 645 3580 manetis,
668 3514 702 3565 et
721 3506 804 3570 inibi
825 3502 991 3569 habitatis.

101 3634 184 3698 Tum
206 3631 452 3716 Physignathus
473 3631 642 3696 subridens
664 3631 799 3717 pulchro
820 3637 922 3722 ipsius
943 3636 1038 3697 modo

101 3762 355 3850 Psicharpagem
375 3763 514 3850 aspexit,
537 3762 708 3843 dicensque
731 3761 815 3843 (ita)
836 3768 1017 3852 respondit:

101 3891 239 3956 Multum
261 3893 422 3976 gloriaris,
444 3894 546 3959 amice
568 3894 625 3974 mi,
648 3903 685 3956 tu
706 3893 745 3956 de
767 3864 857 3976 gula,-

102 4023 246 4087 dulcibus
269 4022 434 4104 (scilicet)
455 4027 549 4088 rebus
571 4034 603 4087 tc
625 4023 749 4110 replere
771 4032 916 4086 ventrem
938 4025 1072 4107 (tuum).

103 4153 211 4219 Etiam
226 4153 310 4241 apud
324 4172 385 4218 nos
405 4154 616 4218 inveniuntur
638 4156 771 4234 cibaria,
794 4155 948 4222 advitam
964 4167 1106 4220 nostram
1122 4160 1204 4238 (sus-

105 4293 138 4346 et
153 4283 189 4348 in
203 4286 297 4385 aquis
307 4297 341 4349 et
355 4286 391 4351 in
405 4298 494 4352 terra
508 4286 652 4352 nascitur
668 4288 769 4354 victus
786 4298 905 4354 noster.
968 4288 1205 4370 [tentandam);
