2700 4672
1125 260 1127 265 ’
1138 266 1238 319 xxviv

132 431 395 508 circumventus
433 430 567 533 aliquid
601 429 745 506 humani
782 456 911 532 passus
945 432 1083 509 luisset.
1133 435 1236 529 Rem,

130 565 185 639 uti
210 574 311 668 gesta
336 573 393 640 est
417 592 447 639 a.
473 563 527 640 Cl.
551 563 687 642 Vossio
713 560 931 660 (Aristarcb.
953 564 974 639 l.
991 569 1022 638 1.
1045 592 1074 640 c.
1091 569 1160 663 ⁶28)
1178 596 1236 645 ac-

131 697 248 798 cipite.
297 696 335 772 Is
361 723 439 771 eum
464 722 509 770 ex
525 695 698 770 relatione
715 694 863 769 llenrici
881 695 1156 800 Coracopetraei
1177 701 1234 777 his

130 829 240 904 refert
269 830 405 906 verbis:
438 827 597 918 „Audivi
625 826 677 902 Μ.
703 827 903 929 Rutgerum
927 829 1122 905 Rescbium
1153 859 1236 933 pro-

129 960 306 1035 fessorem
330 958 470 1061 linguae
496 985 644 1061 graecae
668 959 705 1032 in
731 959 881 1061 collegio
906 961 1115 1037 Buslidiano
1141 966 1236 1066 apud

129 1092 386 1182 Lovanienses,
411 1085 530 1165 meum
554 1091 843 1192 piaememoriae
861 1104 1140 1193 praeceptorem,
1156 1123 1236 1172 nar-

127 1233 275 1314 rantem,
301 1250 342 1298 se
365 1223 547 1299 habitasse
572 1224 610 1297 in
635 1222 784 1298 Liliensi
807 1224 1036 1328 paedagogeo
1061 1253 1235 1304 unacum

127 1355 290 1448 Erasmo,
316 1383 358 1430 eo
385 1357 561 1458 superius
587 1381 627 1431 se
651 1355 798 1430 inferius
822 1356 1022 1430 cubiculum
1041 1360 1234 1436 obtinente.

127 1487 322 1562 Ilcnricum
340 1499 456 1563 autem
472 1488 686 1564 Glareanum
699 1486 848 1561 Parisiis
865 1487 1064 1565 Lovanium
1080 1493 1234 1585 venisse,

127 1630 236 1722 atque
262 1622 305 1694 ab
321 1621 475 1695 Erasmo
496 1620 533 1692 in
551 1619 735 1720 collegium
753 1629 918 1695 vocatum
937 1619 1049 1694 luisse
1067 1621 1113 1694 ad
1130 1649 1235 1723 pran-

128 1752 240 1827 dium:
267 1779 338 1853 quo
365 1779 446 1826 cum
470 1752 645 1842 venisset,
678 1751 764 1851 quid
788 1750 874 1827 novi
899 1750 1053 1826 adferret
1083 1753 1235 1827 interro-

77 1958 81 1968 ,
128 1895 248 1988 gutum
273 1885 406 1960 dixisse
432 1885 552 1986 (quod
576 1885 614 1958 in
638 1883 765 1958 itinere
790 1894 1011 1958 commentus
1030 1895 1115 1976 erat,
1135 1886 1234 1986 quod

127 2018 236 2093 sciret
259 2019 449 2093 Erasmum
474 2018 555 2119 plus
580 2016 668 2091 satis
692 2042 812 2090 rerum
835 2043 1008 2094 novarum
1031 2018 1232 2094 studiosum

127 2177 169 2224 uc
192 2151 281 2225 mire
307 2150 509 2247 credulum)
542 2147 717 2250 quosdam
739 2147 779 2221 in
805 2147 956 2223 Graecia
985 2160 1089 2224 natos
1121 2151 1233 2226 Lute-

125 2281 212 2357 tiam
241 2283 404 2373 venisse,
434 2284 531 2359 viros
565 2280 610 2354 ad
642 2279 849 2359 miraculum
875 2278 1012 2370 doctos,
1039 2281 1101 2381 qui
1125 2281 1232 2386 louge

125 2413 227 2488 aliam
235 2415 352 2516 graeci
364 2415 540 2490 sermonis
553 2412 877 2515 pronuntiationem
889 2423 1113 2514 usurparent,
1125 2441 1231 2514 quam

126 2572 218 2645 quae
233 2545 341 2648 vulgo
359 2548 396 2619 in
414 2547 515 2621 hisce
533 2546 693 2645 partibus
711 2555 855 2644 recepta
873 2555 981 2619 esset.
1006 2545 1082 2620 Eos
1101 2572 1231 2647 nempe

125 2703 254 2752 souare
279 2700 345 2778 pro
370 2677 456 2751 Vita
481 2677 582 2767 Buta,
607 2702 673 2777 pro
698 2682 729 2751 H
753 2675 802 2748 ita
826 2675 908 2764 Eta,
932 2700 998 2776 pro
1017 2672 1077 2767 Αι,
1103 2677 1146 2766 ai,
1165 2704 1231 2776 pro

124 2842 168 2900 οι,
193 2812 228 2884 oi
254 2821 291 2885 et
316 2799 431 2886 sicin
456 2811 617 2884 caeteris.
667 2807 753 2906 Quo
779 2807 900 2881 audito
917 2808 1107 2882 Erasmum
1124 2809 1231 2910 paulo
1332 2878 1336 2883 .

122 2953 209 3043 post
234 2943 494 3043 conscripsisse
520 2941 698 3042 dialogum
730 2939 775 3013 de
804 2948 903 3013 recta
933 2938 1054 3013 Latini
1086 2939 1231 3016 Graeci-

124 3101 195 3175 que
221 3075 395 3150 sermouis
421 3074 727 3174 pronuntiatione,
761 3080 802 3144 ut
830 3070 1013 3149 videretur
1042 3071 1148 3171 hujus
1177 3073 1229 3146 rei

121 3207 202 3308 ipse
227 3206 409 3296 inventor,
435 3216 472 3280 et
502 3205 675 3280 obtulisse
706 3203 817 3277 Petro
849 3201 1033 3279 Alostensi
1063 3213 1230 3304 typogra-

122 3338 197 3440 pho
234 3337 517 3440 imprimendum.
579 3336 656 3439 Qui
687 3363 767 3411 cum
797 3318 890 3410 sorte
924 3336 1000 3410 aliis
1033 3347 1228 3437 occupatus

121 3480 307 3549 renueret:
333 3481 394 3546 aut
419 3481 517 3546 certe
542 3481 681 3546 setam
707 3469 778 3544 cito
797 3468 981 3557 excudere,
1009 3494 1115 3566 quam
1132 3468 1230 3545 vole-

120 3603 193 3693 bat,
218 3628 291 3677 non
315 3628 425 3704 posse
451 3603 597 3692 diceret,
621 3601 764 3675 misisse
788 3599 944 3673 libellum
976 3598 1154 3672 Basileam
1184 3600 1230 3673 ad

120 3735 353 3826 Frobenium,
378 3763 399 3808 a
425 3761 497 3836 quo
528 3759 612 3810 mox
642 3734 840 3834 impressus
871 3731 909 3804 iu
938 3728 1054 3803 lucem
1085 3729 1228 3830 prodiit.

119 3867 258 3946 Verum
279 3869 471 3942 Erasmum
496 3869 637 3968 cognita
662 3864 786 3940 fraude
810 3889 992 3963 nunquam
1012 3889 1052 3936 ea
1071 3889 1230 3964 pronun·

119 4000 230 4074 tiandi
256 3999 393 4073 ratione
418 4009 544 4099 postea
570 4026 684 4088 usum,
709 4023 777 4071 nec
795 3996 927 4086 amicis,
949 3997 1161 4095 quibuscum
1179 3995 1229 4069 sa-

107 4132 303 4207 ,miliuriter
326 4131 479 4222 vivebat,
497 4141 538 4206 ut
557 4156 634 4204 eam
652 4130 894 4217 observarent,
913 4128 1149 4228 praecepisse.
1186 4126 1228 4198 In

120 4266 198 4368 ejus
223 4263 276 4340 rei
300 4262 410 4340 fidem
435 4263 596 4340 exhibuit
618 4261 803 4374 Rutgerus
827 4258 942 4362 ipsius
959 4259 1102 4336 Erasmi
1122 4282 1229 4332 mauu
