2700 4672
154 191 306 247 ω’

160 364 208 440 sit
231 333 319 439 vere
343 361 529 462 dialogum,
545 359 618 462 ¹qui
638 357 739 460 'apud
755 357 986 434 Crusiuin-et
1003 359 1179 463 Larrgiurn
1205 376 1268 462 pa-

159 495 344 598 rup'brasin
375 491 799 592 ·Butracborny0macbiae
837 491 1091 592 praegreditur.
1165 494 1266 593 Quid

155 624 315 730 llgcniua
345 627 383 699 in
413 626 480 700 bac
518 625 673 699 editione
696 633 889 723 'praestare
920 624 1082 713 voluerit,
1113 629 1266 703 serratis

149 760 273 861 ¹ipsius
297 757 416 834 verbis
441 756 646 853 reseramus,
671 760 763 854 quae
788 755 895 856 praes.
920 783 999 857 pag.
1024 755 1182 836 XXXV
1209 784 1268 832 ex-

57 953 60 959 .
156 892 272 966 stant:
320 887 400 980 „Ut
422 887 535 989 magis
562 889 607 962 ad
629 887 768 962 illorum
785 889 942 988 palatum
959 896 1057 962 esset
1073 887 1143 963 boc
1160 903 1267 991 opus·

157 1023 292 1112 culum,
318 1020 381 1120 qui
410 1020 544 1096 veteris
577 1019 749 1095 Graeciae
780 1020 975 1120 elegantiae
990 1053 994 1063 ’
1008 1021 1143 1096 assueti
1171 1032 1267 1113 sunt,

155 1153 411 1229 constitueram
437 1163 540 1227 antea
567 1153 771 1227 effrenatam
801 1152 840 1226 in
871 1153 1045 1253 scriptura
1075 1152 1265 1246 licentiam,

155 1309 265 1386 quarn
289 1280 476 1385 indulgent
501 1285 570 1360 sibi
595 1283 726 1358 Graeci
751 1283 925 1375 hodierni,
951 1292 1131 1359 coarctare
1154 1285 1264 1360 etad

155 1415 297 1518 regulas
322 1440 491 1493 revocare
522 1417 784 1518 grammaticas,
820 1419 954 1495 mutavi
984 1427 1104 1491 tamen
1134 1415 1264 1491 deinde

155 1548 352 1638 consilium,
379 1574 486 1648 quum
512 1548 590 1623 aliis
607 1548 653 1622 de
669 1549 899 1638 causis,''tum
924 1548 1023 1649 quod
1047 1549 1183 1624 tirones
1209 1548 1263 1625 di*

155 1704 259 1755 scere
281 1678 366 1754 inde
390 1690 554 1780 possunt,
580 1680 760 1779 ‹momodo
784 1681 874 1755 baec
893 1686 1069 1782 'perversa
1094 1691 1130 1757 et
1148 1680 1264 1757 disso-

154 1811 229 1886 luta
260 1808 440 1887 scribendi
471 1812 562 1886 ratio
594 1814 738 1914 saepius
773 1813 947 1904 effecerit,
982 1816 1024 1898 nt
1048 1813 1193 1887 scribae
1224 1813 1262 1886 in

155 1943 400 2018 describendis
424 1945 557 2020 veteris
583 1944 756 2020 Graeciae
781 1944 961 2047 operibus,
985 1945 1195 2045 gravissima
1210 1944 1262 2021 vi-

150 2075 204 2150 tia
233 2074 506 2150 committerent.
567 2076 649 2152 Hoc
680 2102 790 2150 unum
819 2074 1021 2150 faciendum
1050 2076 1191 2176 putari,
1220 2085 1282 2150 nt'

153 2205 324 2284 vocabula
349 2235 442 2308 qnae
467 2235 532 2310 per
557 2208 674 2284 crasin
698 2205 904 2283 coalescunt
933 2217 973 2281 et
994 2211 1165 2306 tanquam
1189 2235 1261 2283 una

152 2364 223 2417 vox
247 2339 356 2415 scribi
380 2341 509 2431 solent,
534 2339 911 2458 dissolveremaneqne
936 2340 1129 2414 scriberem
1145 2337 1261 2414 orori-

151 2500 233 2574 την,
253 2466 325 2547 -sed
347 2473 378 2562 ’ς
402 2473 563 2574 τούγηνς
593 2452 845 2568 robustior,
878 2469 945 2544 sed
966 2470 997 2559 ’ς
1014 2470 1041 2543 τ’
1060 2461 1160 2568 enom
1184 2496 1260 2545 nou
1284 2543 1296 2550 ,

149 2603 399 2707 μαποστεῢψη,
424 2601 490 2680 sed
513 2602 553 2700 ,tl
579 2599 811 2703 ἀποστεθιης
830 2627 903 2676 non
921 2600 1173 2700 νασεμπάσω,
1192 2602 1260 2677 sed
1315 2648 1321 2657 ·

150 2734 203 2811 vd
230 2737 263 2812 σ’
294 2735 481 2836 §aomar
501 2759 584 2807 nam
615 2733 762 2832 saepius
768 2744 772 2754 '
789 2734 847 2823 fit,
875 2744 919 2807 nt
940 2734 1129 2806 notissima
1152 2760 1258 2809 voca-

149 2867 243 2958 bula,
267 2867 300 2943 si
321 2865 397 2958 'tam
421 2865 610 2966 peregrino
633 2864 760 2937 habitu
784 2873 1030 2963 compareant,
1060 2863 1113 2938 rei
1137 2864 1257 2941 insue-

148 3008 226 3074 tum
248 2994 379 3074 saltant
415 2992 590 3097 Subjunm
613 2994 699 3068 bnic
720 2993 877 3070 versioni
893 2995 1096 3072 versionem
1111 2995 1256 3071 latinam

147 3129 296 3207 Martini
320 3128 451 3216 crusii,
476 3136 516 3200 et
543 3126 720 3200 adfinem
744 3124 825 3200 libri
849 3126 1000 3220 scholia,
1031 3128 1090 3203 bis
1113 3128 1256 3204 dnobus

147 3259 368 3342 adminiculis
393 3282 517 3357 spero,
548 3270 586 3333 et
610 3285 692 3333 eum
723 3260 785 3360 qui
804 3259 930 3335 'lexico
961 3271 1000 3336 et
1027 3262 1256 3362 grammatica

147 3400 256 3480 caret,
280 3391 325 3463 ad
349 3389 617 3490 intelligendum
642 3418 769 3492 poema
793 3394 882 3479 satis
905 3393 1119 3468 instructanr
1137 3393 1254 3465 esse.”

145 3522 227 3597 Jarn
250 3521 284 3596 si
307 3521 464 3597 curatius
495 3523 717 3622 quaerimus,
747 3551 841 3624 quae
872 3525 924 3602 sit
955 3524 1048 3597 ratio
1083 3521 1251 3597 editionis

145 3652 364 3755 llgenienae,
400 3654 438 3727 in
467 3653 540 3729 hoc
567 3655 626 3730 illa
656 3655 763 3756 longe
800 3663 959 3755 praestat
994 3653 1251 3752 superioribus,

146 3785 244 3883 ‹snod
269 3794 395 3860 auctor
418 3786 528 3861 multa
552 3787 681 3861 menda
705 3796 764 3862 sat
786 3785 934 3858 ridicula
958 3811 980 3857 e
1003 3795 1106 3858 textu
1133 3813 1252 3861 remo-

143 3916 207 4003 vir,
219 3917 272 3991 sic
287 3927 419 4008 tamen,
437 3918 681 3995 nt‘maximnm
696 3915 959 3991 multitudinem
976 3920 1114 4018 partem
1130 3919 1248 3992 adbuc

144 4047 372 4149 relinqueret
421 4050 465 4125 ln
488 4044 781 4148 recognoscendo
806 4048 964 4123 carmine
986 4048 1247 4149 'l‘urcogrnecia

143 4180 273 4256 cinon
297 4191 442 4284 praesto
467 4189 552 4269 erat,
578 4178 643 4255 sed
674 4178 751 4256 soln
781 4181 909 4283 Langii
938 4181 1137 4281 Pbilologia
1166 4181 1247 4254 bar·
