2700 4672
133 196 201 266 no
251 148 255 157 ’

127 393 208 454 ditio
230 400 290 467 est,
312 399 421 450 tamen
443 385 477 447 id
499 383 582 465 quod
606 382 770 446 infinitivo
799 402 871 446 eum
892 371 937 441 ἂν
957 382 1164 461 enuntiatur,
1191 383 1242 447 sie

127 524 256 576 tautum
278 511 351 574 fieri
372 529 469 594 posse
490 507 622 585 dieitur,
644 509 675 569 si
697 507 750 569 eui
771 506 953 570 conditioni
973 506 1176 569 satisfactum
1192 507 1241 569 iu-

128 638 205 698 erit.
249 633 293 696 Et
314 633 429 696 aoristi
453 631 581 711 quidem
603 629 767 692 infinitivo
789 649 862 692 euru
883 627 947 692 hae
968 627 1128 713 partioula
1148 641 1243 692 uten-

128 759 205 820 dum
227 758 305 834 erit,
329 757 360 818 si
382 755 580 816 metationem
603 752 739 815 iacimus
759 752 899 816 aetionis
918 762 977 814 aut
997 752 1063 813 cito
1084 754 1257 815 transitu..

36 940 46 954 ,
128 901 186 942 rae
208 891 265 942 aut
285 875 386 941 semel
408 878 545 953 futurae,
568 876 750 961 praesentis
772 873 947 950 infinitivo,
970 875 1001 935 si
1021 871 1184 954 loquimur
1200 875 1242 938 de

129 1005 261 1064 actione
283 1000 438 1062 duratura
458 998 510 1061 vel
531 997 662 1082 saepius
685 998 803 1060 sutura.
851 996 1002 1077 Denique
1024 1016 1105 1076 quae
1125 999 1241 1082 proba-

128 1123 247 1186 bilibus
270 1122 358 1184 ducti
381 1121 585 1203 argumentis
606 1132 760 1183 eventura
780 1141 852 1183 essa
874 1119 1068 1202 colligimus,
1091 1140 1142 1199 ea,
1163 1140 1241 1201 quo-

130 1248 221 1308 niam
251 1245 368 1306 mirum
396 1245 499 1322 foret,
527 1244 558 1304 si
585 1261 653 1304 non
682 1244 882 1322 acciderent,
904 1244 992 1324 qtria,
1015 1262 1073 1304 eur
1094 1243 1241 1306 aecidero

129 1369 267 1431 debeant
287 1367 468 1429 rationibus
489 1367 628 1451 probare
649 1385 828 1451 possumus,
851 1366 1062 1452 exprimenda
1084 1378 1162 1428 sunt
1180 1385 1241 1429 uu-

129 1491 181 1551 dis
211 1490 326 1551 aoristi
354 1500 388 1551 ot
415 1488 598 1574 praesentis
631 1487 813 1552 infinitivis.
870 1489 912 1551 ln
938 1508 1001 1570 qno
1029 1488 1112 1551 illud
1139 1489 1241 1553 etiam

130 1612 262 1674 evidens
284 1624 346 1690 est,
369 1613 530 1674 actionem
552 1613 664 1689 istam,
687 1612 832 1692 quamvis
853 1613 1011 1688 futuram,
1033 1612 1082 1675 sio
1102 1632 1125 1675 a
1143 1615 1241 1676 nobis

129 1748 330 1820 perspectam
353 1755 435 1811 esse,
458 1751 493 1795 ut
514 1735 545 1795 si
566 1733 617 1795 rel
639 1755 727 1796 nuno
748 1734 807 1797 fiat
827 1734 879 1796 vel
901 1734 987 1797 facta
1004 1737 1076 1816 jam
1096 1736 1151 1797 sit.
1173 1735 1240 1800 lta-

130 1876 191 1936 que
213 1856 330 1918 Graeci
352 1868 386 1919 et
407 1855 475 1934 iila,
499 1876 580 1936 quae
601 1855 722 1918 nullius
745 1855 900 1941 temporis
922 1859 1056 1942 propria
1077 1869 1164 1938 sunt,
1180 1858 1240 1922 sed

131 1978 219 2039 omni
241 1988 351 2039 aetate
371 1978 483 2041 eodem
507 1979 601 2042 modo
622 1977 730 2041 solent
751 1980 957 2061 contingere,
986 1981 1016 2041 si
1039 1981 1168 2060 quando
1190 1982 1239 2044 iu-

130 2111 205 2161 tura
227 2101 377 2162 videntur
397 2113 432 2164 et
454 2101 601 2182 obliquae
624 2102 767 2164 orationi
789 2101 995 2180 inseruntur,
1018 2100 1081 2166 hac
1110 2103 1239 2169 dicendi

130 2222 233 2283 forma
257 2233 380 2285 notant.
425 2222 485 2285 Est
507 2226 608 2305 igitur
630 2215 742 2297 ἒλπῖζω
764 2212 863 2282 αὐτὸν
883 2214 1023 2305 γράψειν
1041 2245 1141 2312 spem
1162 2245 1239 2290 eum

128 2341 331 2430 scripturum
341 2423 345 2429 ἱ
355 2360 433 2409 esse
449 2347 482 2406 ei
503 2346 673 2408 dicendum
696 2349 751 2427 qui
773 2347 907 2410 minime
922 2345 1029 2412 dubiis
1045 2342 1152 2412 rerum
1164 2370 1239 2414 eau-

128 2468 176 2529 sis
202 2469 355 2543 iunixus,
382 2470 429 2531 ita
455 2470 576 2531 statuit„
628 2468 754 2533 Contra
775 2462 886 2542 §luigo
914 2461 1014 2532 αὐτὸν
1039 2458 1085 2531 ἂν
1109 2463 1237 2553 quispe·

128 2606 228 2673 spero
249 2609 323 2653 eom
346 2590 467 2671 (torte)
489 2587 693 2677 scripturum
715 2594 745 2656 is
767 2593 856 2672 dicit,
878 2595 934 2676 qui
947 2596 1097 2681 opinatur
1108 2598 1237 2678 qnidam

128 2709 265 2774 alterum
286 2714 480 2798 scripturum
502 2735 584 2789 esse,
605 2715 663 2778 sed
684 2717 909 2802 scriptumne
937 2717 982 2779 sit
1003 2715 1077 2795 ille,
1104 2739 1149 2782 au
1175 2722 1235 2784 mi-

128 2852 192 2895 nus
220 2835 367 2917 ignorat,
400 2837 477 2917 quia
505 2836 668 2898 scribendi
699 2849 791 2901 aetus
817 2858 860 2903 ex
887 2814 1072 2902 eonditione
1097 2817 1235 2922 qondam

125 2957 259 3040 pendet,
287 2976 350 3036 qua
378 2968 436 3019 aut
461 2954 594 3041 impleta
621 2969 678 3021 aut
711 2980 779 3023 non
805 2959 939 3048 inpleta
964 2960 1023 3023 ille
1053 2963 1234 3048 scripturus

128 3090 185 3178 aut
207 3096 275 3139 non
295 3079 472 3162 scripturus
494 3091 553 3142 est.
598 3080 652 3145 Ab
674 3081 737 3147 hoo
759 3085 809 3146 ita
828 3083 987 3146 duntaxat
1009 3085 1169 3170 discrepat
1184 3066 1234 3146 ἒλ.

125 3190 203 3269 atqu>
225 3188 323 3256 αὐτὸν
344 3185 388 3258 ἂν
407 3189 552 3282 γράφειν,
576 3216 612 3268 ut
634 3207 767 3300 onunino
789 3205 876 3270 modi
897 3208 1092 3272 aoristorum
1107 3228 1233 3295 aprae-

124 3320 265 3381 sentium
287 3332 466 3408 temporum
488 3325 592 3389 modis
614 3327 775 3391 differunt.
825 3328 913 3391 Nam
940 3331 971 3391 si
1000 3322 1111 3401 Baldo
1132 3324 1233 3393 mietio

124 3427 168 3499 ἂν
187 3432 313 3522 γράψαι
336 3465 407 3508 oum
429 3439 541 3521 ἐλπίζω
560 3439 661 3506 αὐτὸν
681 3434 725 3506 ἄν
744 3437 881 3527 γράφειν
900 3460 1115 3534 eomparatur,
1136 3453 1233 3537 prius

123 3575 174 3626 est
200 3584 300 3649 spero
327 3587 400 3630 eum
428 3569 555 3649 (forte)
585 3564 690 3632 saud
715 3563 919 3654 scriptorum
945 3589 1019 3635 esse
1043 3572 1095 3636 vel
1128 3592 1231 3661 spero
1262 3602 1264 3607 >

122 3705 197 3749 eram
225 3687 349 3769 (forte)
377 3687 447 3754 cito
474 3687 679 3775 scripturum
704 3711 794 3769 esse,
824 3696 1000 3780 posterius:
1027 3714 1128 3780 spero
1153 3717 1230 3762 eum

123 3804 183 3868 diu
205 3804 408 3895 scriptormn
429 3831 503 3875 esse
523 3813 575 3877 vel
596 3833 696 3902 spero
718 3835 794 3880 eron
815 3813 953 3903 saepius
974 3814 1178 3904 scripturum
1204 3822 1227 3885 i.

122 3950 150 3989 e.
172 3930 201 3993 si
224 3932 263 3994 da
286 3932 432 4016 epistolis
462 3938 574 4019 agitur
601 3957 701 4024 spero
727 3958 803 4002 eum
829 3938 1063 4004 commercium
1091 3939 1227 4006 littero·

120 4071 193 4114 rum
216 4074 341 4119 mecum
362 4053 524 4122 initurum
546 4079 627 4123 csse·
677 4061 826 4144 Denique
848 4055 960 4138 ἐλπίζω
980 4056 1079 4126 αὐτὸν
1097 4056 1226 4146 γράψω

119 4187 152 4236 et
173 4167 284 4245 ἐλπίζω
306 4166 405 4236 «tato
425 4170 563 4260 ,ράφειυ
583 4183 694 4247 eodem
716 4187 901 4270 proesentis
922 4200 956 4250 et
978 4189 1093 4251 aoristi
1115 4188 1224 4253 modo-
