2700 4672
92 471 187 538 Vada
210 473 246 537 in
267 480 403 536 stratum
425 473 506 556 ejus,
529 467 599 550 illc,
621 469 676 533 ubi
699 470 802 550 cubat,
847 531 849 535 ,

92 604 222 668 mordeo
244 604 348 691 ipsum
370 604 407 666 in
432 601 630 686 digitc,·nec
651 601 886 667 animadvertit.

92 735 228 799 Mordec
251 745 284 799 at
297 733 427 798 calcem
448 735 529 817 ejus,
552 749 752 815 nequaquam
774 733 808 800 id
829 714 929 814 curat,
972 723 975 726 ⁴

92 868 150 931 scd
171 867 290 931 dormit
311 866 464 944 suaviter,
487 864 534 927 ita
555 875 592 927 ut
613 852 738 928 stertat.
864 854 866 859 ’

93 1001 309 1079 Quaecunque
331 996 538 1061 inveniuntur
560 995 596 1058 in
618 1006 716 1076 terra,
739 1011 938 1079 nequaquem
959 1016 998 1060 ea
1021 1017 1131 1080 curo,

94 1128 187 1192 felem
210 1126 374 1209 (tantum)
396 1137 430 1191 ct
450 1110 644 1215 accipitrem
658 1145 758 1216 supra
778 1128 907 1194 madum
929 1140 1047 1208 trem03

94 1270 127 1324 at
148 1258 229 1326 illud
250 1259 400 1344 (natum)
423 1257 604 1345 decipulum
626 1261 735 1324 cuncti
756 1240 973 1325 ncs'cdimus.

93 1390 181 1456 Dolo
204 1391 260 1454 dat
280 1402 434 1468 mortem3
456 1389 529 1454 idea
552 1388 633 1456 illud
654 1386 782 1457 hortea.
809 1375 811 1379 ¹

94 1522 203 1589 Fclem
225 1523 404 1604 ubicunque
423 1519 529 1602 video,
551 1531 584 1585 et
606 1521 715 1586 ubiubi
737 1522 968 1606 animadverte,

94 1674 173 1741 prae
195 1664 283 1717 metu
304 1672 376 1718 mec
399 1654 489 1733 abeo,
513 1653 579 1717 rare
600 1662 638 1717 ut
659 1654 835 1718 exanimes.

96 1785 250 1868 (ltaque)
273 1783 338 1849 huc
357 1796 392 1848 ct
413 1781 490 1848 illuc
505 1795 661 1871 respecto,
684 1801 822 1868 quonam
836 1785 931 1850 mado
946 1805 1019 1852 eam
1036 1789 1197 1874 effugiam,
1235 1818 1237 1825 <

96 1929 129 1981 ct
144 1917 306 1982 inveniam
323 1919 468 1981 foramen
481 1915 551 1997 illic
561 1917 597 1981 in
612 1917 803 2004 propinque,
814 1928 851 1982 ut
860 1940 899 1983 ec
910 1938 1089 2008 properem,
1104 1934 1138 1986 et
1148 1944 1199 1988 me

96 2049 147 2113 Ne
163 2068 226 2132 qua
240 2046 490 2136 comprehendat
502 2068 565 2130 me,
581 2048 722 2130 invadat,
738 2060 771 2114 et
785 2068 837 2114 me
851 2051 995 2135 suffocet,
1029 2055 1198 2139 [condam

96 2192 130 2245 ct
151 2181 187 2244 in
208 2178 272 2244 boc
291 2178 425 2266 pulchro
448 2198 582 2266 corpora
603 2199 728 2264 unguas
750 2200 826 2246 sucs
847 2183 976 2269 deligat

97 2312 187 2376 llaec
208 2311 274 2374 tria
295 2312 502 2375 inveniuntur
523 2312 560 2375 in
582 2310 681 2396 plano
702 2323 736 2375 ct
757 2313 794 2378 ln
815 2315 976 2380 montibus

96 2441 179 2516 mihi
196 2452 230 2506 et
251 2443 363 2526 generi
384 2431 457 2507 mec
478 2441 605 2506 inimici
627 2441 792 2529 capitales.

96 2573 164 2640 Sed
186 2587 222 2638 tu
244 2573 398 2638 formidas
419 2563 580 2652 universa,
603 2583 671 2636 tum
692 2592 802 2661 parva,
826 2585 895 2639 tum
914 2595 1046 2661 magna,

97 2707 239 2795 reptilia,
261 2705 416 2784 valcalla,
436 2702 584 2768 homines
606 2715 640 2767 et
662 2714 806 2785 cactcra3

97 2850 192 2921 atque
213 2850 249 2902 ut
270 2839 350 2904 dicit
370 2836 584 2925 proverbium,
607 2837 754 2900 umbram
775 2848 864 2901 tuam
886 2839 1012 2902 metuis.

98 2968 181 3034 Sola
201 2990 265 3034 vcx
286 2980 343 3034 tua
365 2988 482 3056 aspera
503 2978 536 3031 te
558 2969 681 3032 indicat
704 2965 819 3049 (esse)
841 2969 972 3051 aliquid.

98 3101 169 3184 Ego
190 3120 259 3165 non
280 3119 390 3164 vescar
412 3099 562 3180 cleribus,
584 3099 685 3182 (aut)
707 3098 903 3187 palustribus
924 3099 1045 3183 barbis,

98 3252 160 3296 ncc
181 3230 335 3311 brassica,
357 3249 418 3292 nec
439 3230 525 3315 apic,
546 3248 607 3292 ncc
627 3251 736 3316 porro,
758 3230 1002 3319 autsaphanls.

98 3364 160 3428 liis
183 3363 330 3427 omnibus
351 3359 520 3428 vestimini
539 3379 607 3440 vos,
630 3373 662 3425 ct
683 3363 726 3426 iis
747 3364 965 3443 delectamini,

100 3494 277 3579 quicunque
298 3495 336 3557 ln
357 3480 473 3579 palude
495 3494 644 3572 manalis,
667 3505 700 3557 et
721 3493 804 3558 inibi
825 3492 991 3558 habitatis.

100 3626 183 3689 Tum
205 3623 451 3707 Physignathus
472 3623 641 3688 subridens
663 3621 799 3706 pulchro
821 3623 923 3708 ipsius
944 3627 1038 3687 modo

100 3754 353 3842 Psicharpagem
374 3754 513 3841 aspexit,
535 3753 707 3833 dicensque
730 3749 814 3833 (ita)
836 3753 1017 3836 respondit:

99 3883 238 3948 Multum
260 3885 421 3967 gloriaris,
443 3885 545 3950 amice
567 3884 624 3964 mi,
647 3896 683 3948 tu
704 3884 744 3947 de
766 3883 854 3968 gula,

101 4015 245 4080 dulcibus
268 4012 433 4095 (scilicet)
454 4017 548 4077 rebus
570 4025 602 4077 te
624 4015 748 4101 replere
770 4026 915 4079 ventrem
937 4011 1072 4095 (tuum).

102 4147 209 4213 Etiam
224 4145 309 4233 apud
322 4163 383 4208 nos
405 4143 615 4208 inveniuntur
637 4146 771 4224 cibaria,
793 4146 834 4208 ad
849 4147 947 4214 vitam
964 4158 1106 4210 nostram
1123 4146 1205 4224 (sus.
1236 4197 1237 4200 η

103 4287 136 4340 et
150 4277 187 4341 in
201 4279 295 4377 aquis
305 4287 339 4341 et
353 4277 389 4341 in
404 4287 493 4342 terra
507 4275 652 4342 nascitus
668 4275 769 4342 victus
786 4287 910 4343 nestas.
969 4276 1225 4354 itentandaunq

1334 4400 1345 4461 i
