2700 4672
200 235 272 311 156

198 431 416 500 subaudienda
439 443 489 496 cst
511 431 547 494 ln
569 420 654 500 &tio
676 419 785 512 γράφῃ
798 431 848 496 vol
870 424 956 502 βάλω
978 421 1091 514 γράψῃ
1109 445 1143 497 et
1163 433 1203 498 in
1217 426 1305 505 &dio

198 556 349 640 γραφξιῇ.
395 557 522 642 Quippe
548 575 713 636 nunquam
740 557 777 618 in
806 558 984 619 recentium
1012 557 1211 623 Graecorum
1238 578 1305 623 ser·

199 699 295 746 mone
318 680 555 764 conjunctivus,
578 680 646 741 nisi
666 679 877 764 praecedente
899 679 1059 766 particula
1081 678 1192 762 aliqua
1212 702 1304 746 usur·

199 816 311 892 patur,
338 821 420 883 quae
449 799 504 864 bio
531 802 697 865 brevitatis
725 821 822 865 causa
843 805 1072 889 praetermissa
1093 817 1153 867 est
1199 805 1305 869 Porro

200 925 296 990 facile
330 924 536 1007 intelligitur,
570 924 777 1008 conjunctivi
809 918 933 1006 γράφῃ,
968 915 1080 1007 γράψῃ
1105 939 1138 991 et
1170 924 1305 1009 γραφβῇ

199 1061 273 1136 post
293 1041 381 1118 βίλω
403 1048 537 1111 eandem
559 1068 630 1108 esse
651 1050 829 1127 notionem,
852 1069 946 1130 quam
968 1050 1004 1112 in
1027 1051 1304 1137 Plusquamperie-

200 1185 252 1236 cto
273 1183 348 1258 post
369 1157 442 1243 εἷχα
465 1172 496 1233 ai
517 1171 754 1233 attribuendam
776 1193 846 1234 esse
868 1172 1014 1235 vidimus.
1065 1173 1190 1260 Nempe
1219 1173 1303 1238 Con·

195 1295 360 1381 junctivus
382 1296 418 1359 in
440 1292 492 1356 his
515 1294 661 1356 omnibus
683 1293 833 1374 loquendi
854 1296 957 1358 modis
979 1295 1139 1358 Infinitivi
1160 1298 1227 1361 vim
1248 1295 1304 1360 ha·

200 1421 264 1499 bet,
293 1431 404 1500 atque,
431 1427 467 1478 ut
489 1402 565 1488 εἷχα
592 1404 704 1496 γράψῃ
722 1419 808 1480 idem
829 1439 900 1480 esse
922 1420 1211 1484 demonstravimus
1234 1440 1303 1484 oum

135 1530 137 1535 Ι
201 1527 276 1615 elada
297 1533 439 1623 γράψαι,
461 1539 509 1601 ita
531 1532 616 1609 &sito
638 1530 763 1620 γράφῃ,
792 1533 877 1608 ιἒιέλω
899 1531 1027 1623 γράψῃ,
1055 1536 1140 1612 aeia)
1168 1540 1304 1625 γραφξιῇ

201 1665 287 1730 idem
307 1675 358 1728 est
380 1683 452 1726 tttlm
474 1654 561 1731 &dte
581 1652 727 1744 γράφειν,
750 1655 835 1732 θέλω
858 1655 994 1744 γράψαι,
1016 1660 1102 1736 βάλω
1117 1665 1304 1747 γραφξιῆναι

201 1788 253 1853 vel
274 1789 383 1852 dorica
404 1784 573 1866 γραφβῖῃι.
617 1786 715 1851 Falso
743 1796 851 1849 autem
878 1788 1040 1873 scriptura
1066 1783 1152 1859 θέλω
1179 1779 1304 1870 γράφει,

202 1899 324 1994 γράψει
345 1921 378 1973 et
399 1906 549 1990 γραφὲἧ,
572 1930 652 1991 quae
670 1911 756 1971 inter
769 1908 1004 1974 Grammaticos
1020 1909 1197 1993 Rusiadae,
1220 1913 1304 1977 Dar·

100 2072 110 2080 -
205 2036 287 2114 vari,
309 2033 430 2096 Davidi
457 2032 593 2114 aliisque
616 2032 737 2119 placet,
765 2032 887 2112 effecit,
915 2046 951 2096 ut
977 2034 1085 2113 multi,
1113 2036 1201 2098 inter
1227 2056 1305 2118 quos

204 2157 325 2222 Coraes
347 2158 423 2236 luit,
447 2156 556 2222 addito
578 2175 598 2215 ν
619 2155 824 2219 Infinitivum
852 2159 1183 2238 comminiscerentur,
1212 2180 1305 2240 quom

202 2299 271 2343 non
301 2280 426 2361 quidem
454 2280 615 2365 vitupero,
645 2279 700 2341 ubi
728 2281 909 2365 praesentis
932 2292 997 2361 est,
1018 2281 1075 2343 sed
1096 2282 1223 2361 quando
1245 2302 1304 2369 pro

203 2397 289 2474 βάλω
310 2396 423 2485 γράψῃ
447 2423 515 2466 non
537 2394 623 2472 βάλω
649 2390 792 2482 γράψριι,
821 2403 878 2466 sed
905 2396 990 2473 βάλω
1016 2391 1154 2484 γράψειν
1180 2406 1303 2486 dicunt,

202 2526 267 2591 hoc
294 2527 446 2610 loquendi
473 2544 574 2608 genus
602 2536 639 2588 ut
665 2528 824 2590 sermonis
850 2526 963 2589 vitium
990 2525 1201 2612 reprehendo.
1253 2526 1302 2592 Si·

174 2700 177 2704 .
202 2651 330 2733 quidem
351 2663 419 2714 tum
445 2667 513 2711 non
534 2648 629 2711 modo
657 2648 790 2733 linguae
819 2650 979 2713 citerioris
1006 2649 1158 2733 analogia
1186 2651 1304 2716 deseri·

202 2787 265 2854 tur,
287 2775 344 2837 sed
366 2772 470 2835 oratio
493 2783 603 2858 aperte
624 2774 778 2836 mendosa
806 2782 909 2836 estet
936 2785 1082 2836 monstra
1109 2775 1305 2838 inducuntur

202 2898 239 2959 in
265 2915 461 2974 sermonem,
489 2895 576 2958 velut
604 2890 689 2965 &ebo
716 2885 840 2975 λάβειν,
871 2887 959 2965 &iio
986 2885 1087 2976 εὕρειυ
1108 2909 1141 2960 ct
1163 2900 1305 2980 antiquis

202 3021 316 3104 ignota
337 3029 369 3081 et
391 3018 496 3079 nostri
518 3019 589 3081 aevi
610 3020 815 3105 peritioribus
838 3017 971 3082 Graecis
987 3020 1127 3102 ingrata,
1149 3022 1179 3084 si
1194 3043 1215 3085 a
1230 3022 1305 3086 duo·

202 3145 261 3206 bus
283 3139 352 3203 illis
375 3141 479 3202 verbis
502 3133 587 3210 βάλω
610 3137 686 3202 ἰδεῖν
707 3152 740 3204 et
762 3132 847 3209 ξιέλω
870 3136 965 3230 εἰπεῖν
993 3144 1195 3225 discesseris,
1224 3166 1305 3227 quae

203 3267 242 3328 ob
265 3264 485 3343 mutationem,
509 3284 589 3345 quae
611 3265 680 3327 illis
707 3265 862 3347 contigit,
892 3279 1007 3351 sponte
1034 3269 1070 3328 in
1099 3279 1205 3330 rectae
1233 3270 1305 3333 viae

202 3388 346 3471 vestigia,
363 3389 490 3450 ducunt.
514 3388 698 3465 Praeterea,
721 3406 817 3467 quum
840 3409 937 3475 supra
958 3390 1140 3481 uiderimus,
1163 3378 1205 3447 νά
1226 3380 1306 3471 γρά.

202 3533 263 3590 φρ,
292 3498 403 3590 γράψῃ
430 3523 462 3573 et
489 3503 624 3592 γραφβῇ
650 3511 910 3596 impersonaliter
938 3512 1126 3598 accipienda
1147 3533 1236 3588 esso,
1259 3516 1306 3581 ita

202 3646 237 3695 ut
258 3633 399 3719 proclive
421 3635 465 3697 sit
485 3631 661 3712 intellectu,
686 3636 842 3715 quomodo
865 3635 946 3698 haec
968 3657 1028 3722 pro
1056 3635 1229 3700 infinitivis
1251 3640 1305 3702 ad-

203 3757 308 3820 hiberi
329 3766 458 3839 queant,
481 3753 567 3817 nihil
589 3771 745 3843 superest,
769 3761 835 3822 nisi
856 3770 892 3821 ut
913 3760 1067 3823 addamus
1096 3780 1227 3823 causam
1257 3780 1305 3824 ra·

156 3901 165 3913 ¹
202 3881 401 3963 tionemque,
423 3879 550 3941 cursio
572 3879 747 3962 loquantur
776 3880 900 3942 Gracci.
952 3880 1003 3947 Ex
1030 3903 1092 3964 quo
1121 3882 1307 3948 Infinitivus

128 4018 132 4027 ’
201 4002 350 4089 usurpari
371 3999 494 4067 desitus
516 4014 575 4086 est,
598 4024 728 4070 necesse
750 4003 822 4086 luit,
845 4024 883 4069 ea
906 4004 1114 4092 conjunctivi
1136 4006 1187 4071 vel
1200 4027 1305 4109 praes.
