2700 4672
209 196 278 268 119

208 427 252 440 -
274 380 434 473 reponsio
454 409 523 457 non
543 400 594 455 est
614 386 803 468 tornatilis,
823 401 860 457 ut
877 392 1013 458 Cresius
1034 395 1120 460 maie
1134 397 1242 479 vertit,
1258 399 1319 464 sed

208 525 376 581 tornatus.

338 637 383 700 V.
405 633 481 701 940.
526 624 674 716 ἓσῦμωσε
700 656 769 700 sor.
798 639 887 702 verbi
913 628 1060 718 συμὸωι,
1088 660 1234 726 proquo
1255 643 1318 708 aiii

207 751 341 843 σιμᾶικο,
363 761 517 838 scribunt,
540 755 845 845 appropinquandi
871 762 936 824 vim
964 760 1121 825 habentis.
1172 765 1318 830 Verbum

208 885 286 964 hoc,
316 904 378 966 quo
407 883 471 946 soli
498 882 697 945 recentiores
718 894 868 963 utuntur,
891 884 980 948 dubii
1000 897 1051 947 est
1071 888 1181 967 etymi
1224 889 1318 953 Male

208 1011 295 1072 enim
317 1008 351 1070 id
375 1005 496 1069 Coraes
517 997 637 1064 Ἀιακτ.
659 1005 750 1082 Τοιιι.
774 1005 826 1068 IV
847 1028 878 1092 p.
897 1003 963 1070 498
985 1009 1026 1070 ab
1048 1009 1180 1090 antiquo
1201 1003 1316 1091 σιμόω,

206 1141 409 1217 repugnante
430 1127 626 1212 significatu,
649 1146 752 1209 quem,
775 1148 837 1210 quo
858 1128 937 1209 vult,
959 1131 1041 1192 mire
1063 1131 1241 1213 detorquet,
1263 1136 1316 1200 de·

207 1255 323 1317 ducere
351 1263 496 1315 conatur·
548 1250 700 1316 Fortasse
727 1263 764 1314 ut
791 1241 960 1332 ἅπαμόνω
987 1249 1177 1339 colloquor,
1194 1259 1315 1345 frango,

207 1372 299 1457 unio,
320 1378 358 1437 in
379 1375 560 1437 recentiore
582 1373 696 1458 lingua
717 1376 758 1437 ab
780 1364 912 1454 ἀνιάμα
932 1394 1014 1456 unu,
1035 1373 1145 1450 simol,
1167 1376 1253 1459 quod
1272 1402 1314 1446 cx

208 1494 244 1558 ἐν
264 1495 306 1574 mi
327 1486 399 1577 ἅμα
421 1508 557 1578 constat,
580 1517 729 1560 manasse
751 1509 877 1561 certum
898 1508 958 1578 est,
980 1500 1029 1561 ita
1050 1487 1314 1580 συμὸυωοιοοιι-

206 1623 250 1686 lie
271 1612 335 1680 odo
356 1633 390 1683 et
411 1609 493 1700 ἅμα,
515 1632 551 1683 ut
573 1619 760 1703 Dehcquius
782 1640 905 1702 quoque
925 1621 962 1682 in
983 1620 1072 1686 Dict.
1094 1643 1142 1706 gr.
1165 1625 1251 1688 mod
1273 1628 1313 1689 fr.

207 1755 327 1823 censet,
350 1744 521 1805 formatum
543 1755 599 1806 est.
644 1742 734 1807 Idem
765 1763 840 1806 vero
874 1753 935 1822 est,
958 1744 1074 1824 siquis
1098 1765 1140 1808 ex
1161 1746 1313 1811 adverbio

205 1856 300 1947 συμά
327 1884 452 1951 prope,
475 1866 586 1952 ficeta
617 1865 749 1939 fluxisse
775 1865 879 1945 dicat,
912 1866 995 1946 quod
1021 1886 1064 1929 ex
1090 1857 1153 1927 etv
1180 1881 1215 1934 et
1240 1858 1313 1951 ἅμα

103 2056 109 2062 ,
206 1989 418 2078 compositum
439 2010 510 2053 esse
531 1988 641 2070 liquet.
665 2021 708 2033 —
730 1979 847 2062 πλησίᾶ
871 1988 894 2050 i.
918 2009 945 2050 e.
968 1981 1109 2069 πλησίων.

73 4252 102 4392 1

337 2109 382 2174 V.
405 2109 480 2176 941.
525 2101 568 2171 vd
588 2098 727 2189 ἧξῶρειε
749 2109 982 2194 conjunctivus
1010 2111 1154 2196 vulgaris
1179 2134 1241 2200 pro
1267 2105 1310 2177 voi

207 2223 354 2316 ἕξεῦρητε.
397 2233 474 2298 Vid.
507 2233 549 2297 ad
575 2213 710 2316 Dialogi
743 2253 825 2296 vers.
857 2231 908 2298 13.
945 2268 990 2281 -
1026 2223 1182 2316 βαιράχοι
1215 2240 1310 2304 metri

206 2379 304 2424 eausa
324 2378 385 2445 pro
407 2346 573 2437 βάτραχοι.

336 2479 380 2542 V.
404 2476 480 2543 949.
522 2466 685 2558 κάμνουιιε
711 2475 763 2542 vel
789 2468 937 2558 κάμνοντι
963 2479 986 2542 i.
1013 2498 1043 2562 q.
1071 2470 1243 2560 κάμνουσι.
1266 2515 1307 2532 -·

203 2595 295 2688 ewino
317 2603 339 2668 i.
360 2622 388 2666 θ·
410 2590 531 2682 μάχην·

338 2724 381 2787 V.
404 2721 478 2790 943.
523 2715 552 2783 κ’
576 2715 674 2804 ε’μένα
694 2715 736 2805 μὲ
751 2716 949 2785 ἀπέστειλαν.
992 2724 1034 2789 In
1047 2723 1101 2791 his
1115 2728 1221 2793 verbis
1235 2748 1307 2816 pro·

204 2868 324 2916 nomen
346 2866 400 2910 me
420 2846 592 2933 dupliciter
614 2868 802 2935 expressum
824 2859 885 2927 est,
907 2860 943 2912 ut
964 2869 1070 2934 saepe,
1095 2851 1221 2931 quando
1237 2853 1307 2934 quis

203 2993 278 3039 cum
300 2967 447 3055 emphasi
470 2969 620 3052 loquitur.
648 2970 700 3034 lta
723 2969 827 3034 Galli:
849 2965 928 3044 moi,
949 2966 979 3032 il
998 2990 1051 3034 me
1068 2968 1193 3056 paruit
1209 2966 1308 3052 ε’μέυα

203 3087 245 3178 μὶ
273 3083 427 3172 φαίνεται.
479 3093 528 3156 Cf·
557 3093 675 3158 David.
702 3089 804 3155 Men
830 3112 863 3178 p.
892 3091 1016 3156 etudier
1042 3092 1065 3155 1.
1092 3092 1114 3155 t
1145 3114 1193 3178 gr.
1220 3097 1306 3162 mod

202 3239 237 3307 p.
265 3216 318 3282 71.
341 3248 390 3299 1--
418 3203 564 3298 mancipia
588 3237 649 3304 pro
676 3203 842 3292 καθαρίως
873 3209 1016 3292 diserte,
1039 3209 1232 3302 bonafide,
1253 3215 1308 3284 ‘nit

202 3336 403 3407 mentiendo.

334 3461 378 3524 V.
401 3459 478 3526 944.
521 3451 564 3518 wi
583 3450 690 3536 ’μπῆε
711 3456 733 3519 ἱ·
756 3476 785 3518 ⁰·
807 3448 1038 3537 919411βῆ789.
1060 3480 1144 3546 pers.
1166 3459 1212 3548 pl.
1234 3482 1304 3529 aor.

203 3592 288 3671 conj.
309 3586 398 3648 verbi
419 3572 569 3664 ἐμβαίνω,
590 3578 687 3664 vulgo
709 3569 858 3670 ε’μιιαίνω.
881 3613 927 3627 ·-
947 3573 988 3641 roi
1009 3571 1139 3663 ἅρματα
1161 3585 1303 3670 explicui

201 3711 244 3776 ad
266 3728 345 3774 vers.
368 3704 443 3770 991.
465 3738 510 3750 -
531 3693 575 3762 vde
595 3692 723 3763 sociem
744 3698 775 3766 9.
797 3723 882 3790 pers.
904 3703 949 3790 pl.
974 3709 1059 3789 conj.
1082 3725 1146 3770 aor.
1163 3719 1227 3771 act·
1243 3728 1302 3796 pro

201 3854 240 3896 eo
269 3831 351 3914 quod
378 3827 497 3891 eruditi
524 3828 729 3910 antiquorum
755 3846 844 3890 more
872 3828 1018 3891 scribunt
1044 3816 1181 3904 rodense.
1225 3828 1300 3895 Vid.

200 3956 242 4023 ad
263 3975 344 4020 vers.
366 3949 443 4018 903.

332 4056 380 4134 VJ
399 4069 475 4138 945.
519 4063 650 4152 {pairac
670 4071 767 4135 metri
787 4091 885 4136 eausa
905 4091 964 4158 pro
981 4059 1122 4152 ἕμαβαν.
1138 4107 1182 4122 --
1199 4060 1301 4134 ettae

198 4215 259 4286 pro
281 4181 381 4273 εἶδαν,
403 4197 426 4261 ἰ.
449 4218 478 4260 e.
500 4183 595 4274 εἶδον,
615 4191 783 4259 viderunt.
830 4195 964 4260 Orosius
977 4194 1061 4260 male
1079 4197 1176 4261 vertit
1189 4194 1298 4259 scium

1206 4338 1298 4403 quast
