2700 4672
1103 251 1149 324 75

45 442 173 531 plebeja
194 441 308 526 lingua
331 440 518 528 aequiparat
540 439 745 522 antiquorum
766 444 1007 532 superlativum,
1031 447 1082 509 cui
1098 447 1151 510 ad-

41 570 176 652 junctus
198 577 248 630 est
270 564 435 629 articulus·
482 563 624 629 Proinde
652 567 748 629 verba
776 558 976 650 Ζωροάστρης
996 554 1036 645 ἦν
1058 563 1076 629 ὁ
1098 589 1151 629 σο.

47 669 187 778 otherus
212 684 273 748 rudo
302 684 432 769 Περσῶν
458 688 506 750 sic
533 689 570 750 in
597 685 685 770 vulgi
711 708 891 754 sermonem
913 694 1153 760 transferuntur

49 800 249 893 Ζωροάστρης
275 795 349 886 ἦτον
375 802 393 868 ὁ
421 797 594 890 σοφώτερος
620 808 681 868 raia
707 810 846 892 Περσῶν.
903 815 1025 877 Eodem
1058 815 1152 879 modo

48 934 138 999 Galli
167 935 290 998 dicunt:
326 928 517 998 Zoroastre
544 929 629 995 e'toit
655 928 688 998 le
710 931 791 1020 plus
817 955 903 1022 roge
932 933 992 1001 der
1019 933 1152 1004 Perses.

49 1059 116 1122 Pro
138 1049 284 1138 μυρωδία
305 1054 394 1144 plebs
416 1067 449 1119 et
469 1045 616 1135 μυρωδιά
637 1057 820 1139 frequenter
842 1059 931 1122 dicit.

157 1175 161 1180 ’
182 1179 225 1242 V.
249 1176 302 1244 7t.
347 1171 483 1260 φάρυουυ
505 1199 576 1243 cum
598 1201 618 1239 v
640 1180 771 1244 insitivo
794 1201 853 1268 pro
875 1174 993 1262 φέρουυ
1015 1181 1035 1244 i.
1052 1203 1078 1246 o.
1102 1175 1155 1259 φέ-

50 1322 151 1386 ρουσι.
195 1302 266 1367 Ηοο
286 1325 307 1362 v
329 1303 495 1392 insitivum
523 1303 559 1365 iu
581 1323 699 1385 magno
722 1306 891 1368 verborum
913 1323 1046 1368 numero
1069 1324 1156 1366 nunc

51 1428 217 1514 reperitur.
265 1426 391 1511 Quippe
413 1425 576 1488 tritissimi
602 1420 678 1488 usus
700 1428 737 1490 in
758 1447 905 1491 sermone
927 1426 1054 1510 vulgari
1080 1437 1156 1490 sunt

52 1543 133 1612 δέυω
154 1571 214 1639 pro
237 1540 309 1626 δέω,
331 1538 461 1628 atalgot,
484 1548 568 1631 quod
591 1569 632 1612 ex
654 1540 771 1630 ἐπαίρω
792 1570 941 1614 ιηοηοεεο
963 1550 1102 1612 diximus
1116 1550 1158 1612 ad

52 1673 176 1757 dialogi
198 1691 280 1736 vers.
304 1667 365 1748 10,
393 1657 556 1751 φανερὸοω
582 1691 642 1757 pro
665 1660 823 1752 φανερόω,
852 1693 946 1754 quam
973 1671 1159 1755 analogiam

53 1816 142 1860 nunc
154 1795 263 1857 omnia
279 1795 375 1857 verba
391 1794 543 1857 similiter
558 1793 636 1857 olim
651 1795 824 1860 terminata
839 1806 1024 1877 sequuntur,
1037 1787 1159 1876 γδέριοο

53 1939 114 2005 pro
142 1903 256 1997 εὀοδέρω
284 1927 316 1980 et
338 1915 404 1980 alia
425 1915 586 2005 plurima.¹
628 1917 669 1981 Iu
690 1929 877 1982 transcursu
900 1938 1025 1998 moneo,
1048 1928 1160 1981 notum

55 2040 137 2105 illud
169 2042 376 2122 antiquorum
409 2038 595 2103 vocabulum
631 2030 726 2121 φερνή
759 2043 943 2106 testimonio
980 2060 1061 2121 esse,
1089 2043 1161 2123 jam

57 2163 136 2227 olim
164 2163 250 2249 apud
278 2175 400 2225 veteres
429 2163 558 2255 verbum
579 2156 682 2243 φέρνω
704 2166 884 2245 exstitisse,
908 2184 1097 2247 quamquam
1119 2162 1160 2227 H.

57 2283 247 2372 Stephanus
274 2285 355 2349 illud
382 2286 419 2348 in
446 2283 614 2348 Thesauro
643 2286 767 2375 omisit,
799 2287 973 2351 Passovius
995 2298 1103 2348 autem
1126 2286 1162 2348 in

58 2408 165 2472 lexico
199 2407 328 2471 dubium
361 2427 431 2469 esso
465 2407 521 2470 ait.
569 2402 625 2487 Cf,
655 2409 685 2472 si
713 2410 777 2490 vis,
808 2407 946 2471 Coraem
974 2409 1015 2471 ad
1036 2407 1162 2471 Heliod.

61 2551 93 2618 p.
117 2527 185 2594 220
206 2540 238 2593 et
259 2530 301 2595 ad
322 2528 489 2593 Plutarch.
513 2531 605 2594 Tum.
628 2531 663 2594 II
685 2553 715 2618 p.
741 2528 816 2597 lot.
840 2567 884 2581 -
905 2528 957 2606 τῆς
971 2516 1091 2599 ''Indaus
1113 2549 1164 2592 ac·

60 2664 156 2718 centu
176 2664 308 2743 propter
331 2664 468 2716 metrum
489 2665 629 2717 retracto
650 2676 710 2740 pro
731 2646 854 2725 Ἰνδίας.
898 2653 975 2718 Vid.
991 2662 1104 2715 notata
1125 2634 1183 2712 ad'

60 2777 183 2862 dialogi
211 2795 292 2841 vers·
321 2775 353 2840 5.
405 2777 499 2851 Quod
526 2776 611 2863 apud
641 2776 791 2840 Crusium
819 2789 869 2842 est
896 2775 948 2853 τῆς
966 2761 1066 2835 ''Iwm
1087 2773 1167 2836 sori-

61 2912 175 2988 pturae
197 2899 346 2963 mendum
367 2900 508 2979 videtur,
531 2900 598 2963 nisi
626 2901 709 2963 sorte
740 2902 850 2964 chus
876 2896 927 2976 τῆς
946 2884 1062 2967 ''Imroc
1089 2896 1167 2960 scri·

62 3025 138 3110 psit.
190 3004 262 3086 sed
279 3024 437 3085 barbarae
459 3021 556 3105 hujus
585 3025 706 3087 lormae
734 3023 890 3106 hodieque
912 3023 1087 3087 inusitatae
1115 3039 1168 3080 ne·

64 3146 189 3209 minem
210 3145 277 3206 scio
301 3153 472 3207 auctorem.
496 3179 540 3192 --
562 3137 728 3224 ἀρτυσίαις
748 3146 833 3211 male
855 3146 1033 3210 redditura
1051 3140 1168 3206 Crusio

25 3282 29 3289 ’
63 3260 277 3331 aromatibus
284 3284 293 3343 ;
315 3257 464 3344 ἀρσοσίαι
484 3265 572 3331 euim
593 3265 809 3333 condintento
837 3282 929 3346 sunt,
958 3285 1052 3349 quam
1082 3274 1169 3351 potc-

64 3400 183 3454 statem
204 3385 281 3451 huic
301 3387 458 3454 locutioni
473 3390 675 3456 tribuendam
691 3413 773 3475 esse,
788 3391 874 3458 haud
889 3390 1021 3456 difficile
1036 3388 1079 3452 ad
1094 3406 1170 3450 ocu-

61 3511 249 3598 jeotandum
271 3511 341 3576 tuit

200 3631 244 3695 V.
268 3629 322 3696 75.
368 3619 469 3707 ’ἔσυχα
491 3646 523 3698 et
545 3621 654 3716 ἕῳυγα
681 3636 795 3699 aoristl
816 3646 893 3698 sunt
914 3630 1041 3714 vulgari
1063 3629 1173 3725 tormi-

68 3757 203 3824 uatione
225 3756 378 3819 instructi
399 3776 459 3842 pro
483 3742 599 3829 ἔτυχον
620 3767 652 3820 et
676 3742 804 3837 ἔφυγον.
853 3756 901 3819 At
927 3774 1003 3817 vero
1025 3746 1172 3815 ne'vete-

70 3881 162 3944 ribus
184 3877 311 3958 quidem
333 3877 516 3962 hujusmodi
537 3881 688 3960 auristos,
711 3879 822 3961 quales
844 3887 919 3942 sunt
941 3863 1023 3955 εἶπα,
1043 3862 1175 3955 ἤνεγκα,

73 3990 162 4078 iaxta,
185 3986 274 4075 duna,
297 3986 427 4077 drowa,
448 4013 481 4064 et
502 4003 596 4082 alios,
619 4005 673 4084 qui
694 4003 779 4090 apud
792 4004 964 4088 scriptores
980 3997 1176 4066 Alexandri·

72 4144 135 4190 nos
162 4134 195 4187 et
222 4123 424 4210 potissimum
452 4125 489 4188 in
516 4125 819 4210 septuagintavirali
846 4126 963 4190 veteris
992 4121 1177 4188 testamenti

73 4246 289 4313 translatione
317 4256 464 4329 exstem,
493 4248 624 4332 ignotos
652 4250 764 4333 luisse,
793 4253 880 4316 inter
908 4267 1018 4312 omnes
1041 4252 1177 4310 constat.
