2700 4672
208 229 277 302 199

337 424 380 488 V.
403 421 479 490 990.
522 416 628 506 peiere
650 422 671 488 9
693 443 778 511 pers.
801 424 845 513 pl.
869 429 953 510 conj.
976 446 1043 493 acr.
1065 427 1154 492 verbi
1167 419 1311 511 γίνομαι.

204 550 272 615 Pro
294 546 357 613 boc
377 541 483 630 pecore
505 547 663 611 doctiores
684 547 794 629 γένητε
815 549 968 613 scribunt.

338 671 381 734 V.
404 667 479 736 991.
525 659 693 751 θυγατέρα
724 690 784 757 pro
816 672 978 768 vocativo·
991 658 1046 736 bic
1071 673 1214 759 ponitur.
1261 674 1309 739 ct.

204 795 515 862 animadversionem
537 792 579 856 ad
601 814 680 857 vers.
704 789 756 858 49.

334 916 379 979 V.
401 913 477 982 999.
524 901 674 994 &odistis
695 914 868 1002 explanavi
889 917 931 980 ad
952 938 1034 981 vers.
1058 917 1111 982 69.
1145 953 1189 966 -
1221 911 1309 1004 ἐνού-

202 1058 258 1116 νην
279 1024 334 1115 rip}
355 1033 456 1120 ἡμέρα
478 1038 654 1122 vulgariter
676 1058 735 1124 pro
758 1028 874 1114 ratim}
904 1030 959 1113 ritu
980 1033 1109 1122 ἡμέραν.

335 1162 377 1225 V.
401 1160 475 1226 993.
519 1158 581 1222 τῶν
597 1158 690 1240 μυῶν
711 1181 783 1246 gen.
807 1181 866 1248 pro
888 1163 1008 1245 dativo,
1034 1175 1069 1228 ut
1085 1185 1181 1253 saepe
1197 1166 1233 1230 in
1248 1163 1309 1232 boe

203 1286 346 1351 carmine
367 1285 514 1349 vidimus.

335 1406 378 1469 V.
401 1405 477 1472 994.
520 1401 677 1487 conpecto,
699 1408 830 1488 antique
852 1402 1008 1488 σκιρτῶσι.
1037 1444 1081 1460 --
1103 1407 1264 1491 θωρῶπες
1285 1414 1306 1474 i.

202 1553 228 1598 e.
251 1525 437 1613 βεωρῶιηες,
460 1531 592 1610 antique
615 1527 813 1609 ἓεωροῶνες.
855 1530 933 1594 Vid·
957 1552 1054 1619 supra
1076 1535 1117 1597 ad
1139 1553 1222 1598 vers.
1244 1531 1306 1600 193

201 1677 240 1719 ac
267 1656 307 1719 de
335 1651 557 1719 vicissitudine
584 1672 736 1715 sonorum
764 1676 790 1711 ω
817 1665 851 1718 et
878 1676 918 1714 ου
940 1657 1011 1738 jam
1039 1656 1075 1719 in
1101 1657 1307 1738 antiquorum

201 1777 348 1844 dialectis
371 1777 464 1840 obvia
485 1772 604 1838 Motth.
629 1775 685 1836 Gr.
709 1775 766 1838 Gr.
788 1796 819 1862 p.
842 1775 883 1840 51
908 1777 957 1841 ed.
979 1775 1022 1840 11.

331 1899 374 1965 V.
398 1896 472 1963 995.
519 1890 600 1957 tincti
618 1888 654 1958 ’v’
679 1898 702 1962 i.
725 1920 753 1961 ο.
776 1893 856 1959 0ποῦ
879 1885 928 1958 *sve
949 1898 1001 1964 vel
1023 1887 1110 1959 aiunt.
1154 1899 1306 1966 Fortasse

200 2023 309 2085 Zenos
337 2014 545 2101 doporclrcpoo
573 2017 627 2084 iric
654 2014 720 2103 poci
749 2012 782 2080 ’ν’
812 2042 871 2108 pro
899 2015 978 2081 0ποῦ
997 2015 1031 2081 'v’
1056 2023 1198 2111 scripsit,
1221 2025 1305 2107 quod

200 2145 356 2229 conjicias
378 2144 456 2208 licet
477 2165 518 2207 ex
541 2156 693 2231 corrupta
714 2145 874 2232 scriptura
896 2132 988 2221 ὁπόν,
1015 2165 1096 2230 quae
1122 2167 1221 2231 usque
1249 2148 1303 2214 ad-

198 2266 262 2332 buc
284 2268 320 2332 in
341 2280 432 2331 textu
453 2278 533 2331 erat.

329 2388 371 2456 V.
395 2388 469 2455 996.
515 2379 549 2449 rb
571 2379 675 2470 βρᾶδυ
690 2390 821 2477 proprie
843 2398 993 2454 neutrum
1009 2391 1161 2476 adjectivi
1173 2382 1303 2472 βραδίν,

197 2513 282 2596 quod
303 2524 442 2578 retracto
464 2524 599 2577 accentu
620 2513 812 2578 substantivi
832 2512 897 2576 vim
913 2515 1046 2599 accepit,
1062 2527 1099 2577 ut
1114 2534 1202 2578 nunc
1217 2515 1304 2603 apud

199 2637 351 2717 Graecos,
376 2638 424 2700 ita
439 2638 511 2720 jam
533 2636 568 2698 in
592 2635 701 2700 multis
723 2635 821 2701 medii
849 2636 921 2701 aevi
947 2639 1163 2702 monumentis
1189 2656 1303 2725 vespe-

196 2779 271 2822 rum
295 2771 424 2822 notans.
471 2758 520 2821 ct.
543 2757 692 2840 Ducang.
716 2757 870 2821 Glosss.
887 2759 921 2823 Ιι.
939 2780 968 2825 ν.
992 2760 1163 2847 copiosius
1184 2761 1224 2826 de
1240 2759 1303 2824 bac

196 2903 271 2946 voce
300 2882 439 2945 disserui
471 2882 507 2943 in
535 2878 738 2943 Jahrbiicher
765 2882 816 2943 itir
848 2881 1163 2949 wissenschaltlicbe
1189 2884 1303 2948 Kritik

194 3003 290 3067 Num.
314 3001 358 3068 59
380 3022 479 3068 mens.
502 3002 601 3065 Mart.
624 3021 700 3066 ann.
726 3000 810 3067 183t
834 3025 907 3090 pag.
930 3003 1006 3071 468.
1040 3041 1085 3060 ·-
1111 2995 1304 3087 μαζὸυονπω

195 3123 442 3210 congregantur.
489 3124 567 3187 Vid.
589 3125 631 3189 ad
652 3145 734 3190 vers.
759 3123 833 3191 187.
856 3161 900 3180 -ι-
921 3128 973 3194 De
994 3122 1139 3200 καξνέυας
1160 3129 1200 3194 ei.
1218 3149 1302 3213 quae

194 3248 335 3312 diximus
357 3246 399 3310 ad
420 3267 502 3333 vers·
526 3245 602 3312 959.

326 3368 369 3432 V.
392 3369 467 3438 997.
511 3361 711 3453 οὗποκρὶβηκε
733 3371 874 3461 explicui
897 3392 925 3437 ν.
948 3370 1001 3437 37.
1036 3405 1079 3423 ·-
1112 3373 1165 3437 De
1186 3365 1305 3454 ἀκριβέ

193 3495 276 3560 conl.
300 3494 421 3559 observ.
445 3489 592 3558 advers.
614 3493 690 3561 909.

325 3618 368 3679 V.
391 3614 466 3681 998.
511 3616 572 3709 Ι)ο
585 3611 661 3678 ποτέ
679 3640 744 3699 μου
760 3622 831 3702 jam
852 3615 977 3682 locutus
998 3637 1069 3682 sum
1085 3613 1226 3682 advers.
1244 3617 1297 3685 75.

325 3736 368 3800 V.
392 3736 468 3803 300.
513 3732 683 3819 φὲρνουσιν
705 3741 771 3806 ie.
793 3731 951 3820 φέρουσιν.
995 3737 1073 3802 Viti.
1089 3740 1130 3803 ati
1145 3759 1228 3804 vers.
1243 3739 1297 3807 70.

193 3895 236 3908 -
263 3852 339 3929 καθ
372 3848 446 3938 oipo’
475 3860 497 3922 i.
524 3882 552 3922 e.
580 3854 657 3930 καῖ
686 3851 773 3940 ὥραν
798 3862 910 3923 eodem
936 3879 1035 3923 sensu
1063 3863 1296 3950 accipiendum,

192 4003 254 4065 quo
276 3993 399 4046 veteres
420 3993 624 4069 usurparunt.
671 3981 802 4047 Videsis
822 3982 1001 4050 Hermann.
1017 3970 1059 4047 ad
1078 3984 1152 4068 vig.
1168 4006 1200 4072 p.
1218 3984 1296 4051 860.

192 4102 260 4170 sod
279 4105 475 4170 recentiores
497 4105 546 4168 sic
567 4102 734 4186 loquentes
750 4107 856 4171 minus
873 4107 980 4171 solent
1001 4107 1040 4170 dc
1056 4109 1296 4193 praepositione

192 4218 286 4309 acroi,
308 4244 404 4310 quant
425 4225 466 4292 de
486 4227 677 4313 pronomine
699 4228 921 4295 indeclinabili
947 4219 1033 4300 accipe
1060 4227 1221 4314 cogitare,
1249 4231 1297 4297 ita
