2700 4672
1172 227 1240 301 119

136 396 279 493 ὄστρακα
300 411 546 500 interpretatum
569 429 639 477 esse
653 407 855 478 testudinum
870 419 988 482 testas.
1026 418 1237 509 Interpretari

136 533 283 598 debebat:
306 530 467 598 limacum
487 530 638 599 conchas
659 534 720 614 vel,
743 537 826 618 quod
839 539 923 603 idem
939 553 999 623 est,
1022 539 1235 609 cochlearum

135 663 253 721 testas.
281 690 325 703 --
348 643 469 735 ἔβαλαν
489 658 512 721 1.
536 676 566 738 q.
590 643 713 736 ἔβαλον.

265 775 309 841 V.
331 776 408 844 971.
454 779 550 854 Quod
567 798 587 843 a
608 782 767 844 veteribus
789 780 1011 868 appellabatur
1032 783 1164 849 σεῦτλον
1183 789 1235 854 vel

133 911 169 965 ut
191 897 246 964 lric
266 900 304 963 in
326 899 500 986 archetypo
521 913 572 965 est
595 901 699 983 (vers.
724 900 808 985 161)
829 902 964 982 τεῦτλον,
979 907 1012 970 id
1027 906 1123 975 hodio
1139 910 1233 995 vulgo
1298 989 1299 993 Ἰ

132 1019 268 1082 ‹redelor›
288 1033 501 1108 nuncupatur.
555 1021 615 1088 Sic
631 1027 700 1108 jam
724 1025 872 1112 Agapius
896 1027 1062 1093 Cretensis
1089 1031 1125 1094 iu
1153 1031 1234 1096 Geo-

130 1145 247 1232 ponico
275 1163 343 1231 cap.
371 1141 430 1224 91,
458 1143 518 1226 93,
551 1144 613 1211 109
640 1158 674 1210 et
699 1147 788 1211 alibi.
837 1148 981 1215 Fuerunt
1010 1161 1118 1214 tamen
1147 1153 1233 1216 inter

132 1267 282 1347 Graecos,
305 1267 360 1346 qui
381 1277 416 1330 et
436 1260 574 1326 oe'ontov
601 1268 753 1332 dicerent.
804 1262 911 1346 Quare
939 1271 975 1334 iu
1004 1271 1134 1337 Corona
1161 1295 1233 1360 pre·
1259 1255 1261 1259 ’

131 1392 235 1468 tiosa„
247 1408 345 1470 quarn
366 1399 547 1453 antestatur
567 1388 758 1472 Ducangius
781 1380 873 1454 Tum.
888 1391 924 1455 ll
944 1412 975 1477 p.
994 1390 1088 1456 1356.
1114 1387 1232 1455 niceto

130 1512 302 1598 exponitur
317 1532 394 1575 voce
415 1508 554 1571 ocinum.
599 1509 710 1592 Itaque
726 1510 852 1578 servavi
868 1512 904 1575 in
919 1524 1010 1580 textu
1025 1533 1132 1580 raram
1147 1513 1233 1580 hanc

129 1635 313 1723 dictionem,
336 1653 419 1715 quae
440 1627 554 1698 betam
576 1633 734 1718 designat.
775 1667 818 1684 -
862 1621 1002 1720 ἕκᾶμασι
1023 1656 1083 1725 pro
1106 1623 1233 1718 ἔκαμνεν

128 1757 149 1820 1.
174 1778 202 1821 a.
226 1743 356 1835 ἔκαμον.

259 1875 301 1942 V.
322 1874 396 1944 979.
440 1873 636 1961 νεροσέλινον
661 1874 779 1968 aptum
803 1874 1018 1965 uqrtuticnne,
1039 1879 1162 1944 novitia
1185 1879 1231 1943 lo·

128 2001 214 2066 cutio
242 2001 421 2090 composita
448 2021 490 2066 ex
517 1991 623 2083 νερὸν,
646 2001 685 2065 de
707 2001 944 2086 quavoccegi
966 2001 1110 2067 advers.
1134 1999 1177 2067 60
1199 2014 1232 2066 et
1296 1986 1300 1988 ἡ

127 2125 258 2205 antiquo
285 2123 437 2187 vocabulo
465 2117 599 2184 σέλινον.
651 2122 700 2185 01.
728 2121 951 2206 Ducangium,
981 2123 1011 2188 si
1033 2121 1154 2210 volupe·
1169 2135 1231 2205 est,

126 2246 216 2310 Tom.
239 2244 261 2322 Ι,
278 2265 310 2330 p.
333 2240 409 2308 999.
432 2277 475 2290 -
496 2236 646 2324 provinno
668 2238 806 2306 manica
828 2241 1021 2306 Latinorum
1043 2245 1230 2309 vocabulum

125 2379 185 2448 est,
207 2368 264 2431 sed
287 2389 328 2430 ex
349 2364 439 2449 vulgi
461 2365 659 2429 Graecorum
683 2364 913 2430 consuetudine
941 2365 977 2427 in
1000 2365 1230 2429 deminutivum

125 2493 397 2555 transformatum.
439 2485 584 2551 Utuntur
600 2507 638 2550 eo
655 2486 834 2550 Mauricius
848 2485 903 2549 lib.
919 2484 937 2548 1
952 2481 1094 2569 Stratog.
1110 2507 1179 2572 cap.
1197 2483 1229 2549 9.

124 2613 191 2677 Leo
220 2611 256 2676 in
282 2610 403 2674 Tactic.
431 2629 457 2672 o.
480 2606 500 2672 6
529 2608 556 2688 §-
582 2605 630 2671 13.
683 2602 829 2690 Symeon
856 2606 1077 2671 Tlressulonic.
1106 2609 1144 2671 de
1167 2606 1228 2672 Sa-

125 2736 199 2799 cris.
224 2732 337 2796 Ordin.
362 2751 432 2818 cap.
454 2729 486 2794 5.
533 2729 678 2793 Codinus
701 2725 741 2791 de
764 2728 859 2792 offic.
883 2727 988 2816 cupi
1012 2748 1097 2790 num.
1113 2724 1228 2808 35‚36.

122 2855 358 2939 Euclrologium
386 2873 459 2941 pag.
483 2850 558 2918 358.
608 2849 841 2937 Ptochoprodr.
870 2861 983 2913 contra
1004 2848 1228 2933 Hegumenum
1269 2910 1271 2914 ,

123 3001 204 3044 vers.
227 2977 270 3042 53
293 2997 365 3065 pag.
393 2976 432 3040 17
456 2976 503 3039 ed.
527 2975 643 3039 Corais
665 2985 699 3038 et
720 2972 780 3037 alii
800 2969 959 3059 permulti.
988 2969 1063 3033 Vid.
1077 2971 1226 3056 Ducang.

118 3105 159 3166 ,iu
174 3100 281 3164 Gloss.
303 3099 384 3164 med.
407 3109 440 3162 et
462 3097 519 3160 ius.
544 3097 599 3162 Gr.
622 3097 713 3160 Tum.
734 3094 752 3158 Ι
773 3081 883 3182 punt
904 3103 938 3157 et
959 3093 996 3156 in
1018 3091 1121 3157 Gloss.
1146 3094 1226 3157 med.

122 3232 156 3286 et
176 3221 235 3285 inf.
258 3218 331 3285 Lat.
354 3239 381 3284 s.
403 3239 433 3285 v.
454 3213 645 3281 municium.

253 3341 295 3406 V.
318 3337 393 3406 973.
435 3330 670 3422 κραμβόφνλλα
691 3358 756 3403 νην
784 3337 915 3401 nomine
942 3335 1050 3399 reddit
1078 3335 1224 3416 quadiu

120 3464 295 3551 archetypo
325 3485 405 3530 vers.
435 3461 499 3529 169
526 3482 585 3549 per
612 3459 819 3549 periphrasin
845 3445 953 3536 φῦλλα
979 3451 1040 3518 τῶν
1071 3453 1224 3533 κραμβῶν

119 3588 319 3675 exprimitur.
363 3587 491 3650 Citatur
517 3596 551 3648 et
573 3587 676 3647 forma
696 3570 944 3661 νῷαμπόφυλλον
972 3594 992 3637 a
1012 3573 1184 3656 Ducangio
1206 3573 1223 3635 Ι

120 3732 149 3798 p.
166 3709 228 3775 751
253 3729 294 3772 ex
318 3706 396 3771 Cod
411 3707 509 3770 Paris
533 3703 629 3780 1673,
651 3701 694 3765 ad
715 3717 811 3781 quam
832 3693 1057 3783 explicandam
1079 3694 1117 3755 ct.
1142 3712 1222 3772 quae

111 3852 201 3896 vers.
228 3826 291 3895 109
312 3830 461 3892 diximus.
483 3861 527 3878 -ψ-
551 3815 703 3896 imminuo:
724 3830 761 3883 ut
782 3838 880 3904 supra
901 3836 983 3881 vers.
1005 3811 1081 3877 999.
1104 3845 1149 3861 ·-
1169 3813 1221 3877 De

119 3942 296 4032 omomcipm
317 3952 355 4014 cl.
377 3971 459 4033 quae
481 3947 644 4013 observavi
666 3944 811 4008 advers.
834 3937 910 4002 993.

251 4072 294 4136 V.
316 4069 389 4136 971.
434 4067 568 4150 [insipien
595 4066 693 4131 hodie
718 4061 931 4129 usitatissima
957 4056 1070 4137 dictio,
1086 4057 1219 4142 juncus,

120 4165 252 4283 tulique
275 4196 409 4269 enoiosa.
454 4193 665 4261 Inveniuntur
681 4195 849 4278 praeterea
866 4185 987 4250 formae
1004 4177 1138 4261 βροῢλνν
1152 4178 1220 4242 sive

1280 4314 1305 4367 el
