2700 4672
1110 206 1157 276 47

53 392 196 483 ἠρχόμην
218 413 249 466 et
271 392 408 482 updeotot.
453 398 646 463 Idem·libro
670 395 755 460 κατὰ
776 419 800 457 r.
820 394 953 480 ‘Hyovpn
977 419 1057 464 vers.
1082 396 1156 464 276.

52 547 126 613 pag·
151 523 203 588 24.
227 526 274 589 ed.
300 524 374 588 Cor.

162 639 218 708 acori
238 641 306 707 κατ’
331 639 440 728 ὀλίγον
462 637 572 726 ὀλιγόν
594 636 749 723 οὐινρίβω
771 635 811 703 τὰ
833 638 913 706 ὀστᾶ
933 668 1010 725 μου.

53 772 182 835 Pariter
204 770 299 834 hodie
322 771 357 831 in
381 770 575 831 carminibus
597 765 805 854 popularibus
833 787 861 830 v.
886 789 911 830 e.
941 789 991 855 ap.
1014 769 1156 834 Faleria-

53 894 117 957 lem
140 895 231 958 Tom.
249 893 290 954 ll.
315 912 387 976 pag.
403 889 482 954 132:
888 985 890 988 Α

205 1002 327 1093 ἅσπρον
348 1003 504 1089 (pomorani
525 1009 672 1092 φοροῦσε,
694 1004 844 1072 κόκκινον
864 1004 986 1086 κουκλί,

53 1141 108 1203 uhi
131 1127 286 1214 permolor
307 1133 438 1218 linguae
461 1135 584 1218 legibus
608 1135 848 1198 convenientius
871 1145 950 1198 erat.

115 1298 123 1308 ι
183 1259 226 1322 V.
251 1257 281 1322 6.
325 1247 440 1338 κάμνει
461 1261 542 1322 bene
564 1259 662 1321 vertit
685 1257 819 1320 Crusius
832 1253 945 1344 jacit.
989 1230 1049 1323 Est
1070 1261 1157 1323 enim

54 1384 138 1471 apud
167 1382 307 1446 Graecos
335 1382 525 1445 recentioris
553 1381 669 1444 aetatis
695 1366 809 1459 κάμνω
836 1378 921 1442 nihil
954 1371 1020 1446 nisi
1037 1378 1157 1470 socio,

54 1508 102 1570 ita
123 1518 160 1570 ut
180 1505 293 1588 magni
316 1504 481 1588 eujusdam
503 1503 624 1568 laboris
651 1503 791 1587 suseepti
817 1502 1031 1585 significatio,
1062 1525 1157 1587 quam

55 1629 139 1716 apud
160 1629 350 1706 Homerum,
373 1627 551 1706 ubieunque
580 1624 750 1689 transitive
779 1624 840 1687 hoc
862 1627 991 1689 verbum
1012 1641 1156 1714 usurpat,

55 1751 193 1839 reperiri
214 1750 377 1812 neminem
400 1750 581 1813 accuratius
609 1747 755 1832 singulos
783 1746 872 1812 locos
902 1751 1158 1816 considerantem

54 1874 154 1956 fugit,
181 1891 268 1935 nuno
295 1872 392 1958 plane
422 1892 443 1935 a
469 1874 565 1935 verbo
593 1873 686 1935 absit.
737 1870 812 1934 dam
835 1891 929 1953 quum
951 1872 1046 1959 paulo
1070 1874 1158 1939 aliud

56 1999 100 2060 sit
120 1970 326 2058 Homericum
347 1994 386 2057 ll.
410 1994 515 2071 VIII.‚
540 1994 612 2060 195.
636 1980 806 2054 δαιδάλεον
821 1984 962 2075 θώρηκα,
977 1985 1030 2055 τὸν
1045 1985 1157 2076 “Horou

56 2137 128 2189 στος
154 2107 238 2197 κάμε
266 2108 399 2196 τεύχων,
422 2137 517 2198 quarn
539 2119 622 2199 quod
651 2138 737 2180 nune
765 2117 880 2180 Graeci
903 2119 944 2181 ad
966 2119 1083 2184 multas
1105 2141 1158 2187 res
1187 2094 1196 2109 Ἰ

56 2240 221 2328 applicant
242 2228 365 2319 κάμνω,
387 2240 526 2326 exempli
549 2242 656 2323 gratia
684 2229 784 2319 ’ἔκαμε
809 2232 947 2317 ταξίδιον
973 2239 1039 2305 iter
1051 2240 1158 2332 jecit,

54 2365 141 2428 subit
162 2365 305 2448 prolecto
328 2362 451 2442 mirari,
474 2362 557 2443 quod
579 2373 707 2448 praeter
729 2360 931 2442 Dehequium
954 2364 989 2427 in
1011 2365 1157 2432 Dietion-

56 2487 150 2551 naire
178 2505 254 2569 grec
281 2484 432 2546 moderne
459 2485 602 2564 franpais
631 2506 657 2548 s.
680 2483 713 2547 lr.
737 2506 765 2547 v.
789 2504 828 2547 ae
850 2483 1006 2548 Davidem
1028 2491 1158 2571 Προλεγ.

57 2605 100 2680 εἰς
120 2597 173 2668 cde
188 2596 452 2687 Παραλληλισμέγν
472 2604 524 2680 τῆς
547 2601 607 2667 itt.
628 2629 657 2667 κ.
678 2631 728 2687 γρ.
750 2608 799 2687 γλ,
824 2608 889 2666 orit.
912 2597 939 2666 ι’.
961 2619 994 2670 et
1016 2588 1074 2673 alii
1096 2614 1158 2675 viri

58 2733 143 2795 docti
155 2732 240 2793 inter
254 2750 335 2805 eam,
346 2748 439 2809 quarn
452 2731 695 2793 commemoravi
703 2729 910 2793 Homericam
925 2732 1012 2794 verbi
1023 2743 1160 2818 potesta·

57 2864 123 2918 tem
144 2865 177 2917 et
197 2853 304 2933 illam,
329 2873 409 2933 quae
431 2854 576 2915 nuncin
598 2873 657 2916 usu
680 2864 746 2928 est,
773 2853 1045 2936 significationem
1074 2856 1158 2920 nihil

57 2977 253 3040 discriminis
275 2996 345 3038 esse
367 2986 557 3039 statuerunt.

187 3089 267 3177 ytor’
292 3087 347 3176 ἐμὲ
369 3118 426 3182 per
447 3117 643 3185 paragogen,
659 3119 755 3180 quum
776 3098 899 3163 vocalis
921 3112 1081 3183 sequatur,
1098 3122 1157 3186 pro

56 3212 116 3303 prol
140 3210 194 3297 ἐμὲ
216 3220 271 3280 ie.
286 3211 328 3276 δι’
344 3209 409 3295 ἐμὲ.
430 3219 691 3303 Propriesonat:
715 3220 788 3300 „ed
798 3242 860 3298 me,
882 3222 916 3285 id
938 3235 996 3305 est,
1019 3235 1056 3286 ut
1079 3223 1157 3287 Cru-

57 3345 125 3407 sius
140 3352 227 3404 reete
243 3341 403 3426 expressit
418 3337 470 3403 ed
480 3361 585 3405 mcum
600 3363 702 3404 uorem.
734 3341 896 3408 Similiter
907 3346 1031 3429 adjecto
1042 3364 1059 3404 r
1070 3339 1155 3406 ἄποιν’

57 3487 115 3553 pro
138 3455 200 3524 ἀπὸ
223 3467 357 3528 barbare
379 3465 498 3528 dicitur
520 3486 546 3529 v.
572 3487 598 3528 c.
622 3458 707 3526 duor'
732 3459 837 3545 ε’μέυα.
883 3466 931 3530 Cf.
957 3466 1093 3530 Coraem
1116 3470 1157 3532 ad

57 3589 223 3651 Prodrom.
247 3608 320 3672 pag.
344 3585 395 3651 70.
447 3588 499 3650 De
526 3587 649 3669 reliquo
674 3592 840 3652 observare
863 3588 970 3667 liceat,
994 3589 1157 3670 significa·

57 3723 124 3774 turn
151 3710 399 3796 praepositionis
427 3698 483 3767 διὰ
512 3729 584 3771 curu
613 3711 793 3773 accusativo
822 3719 1041 3790 constructae,
1065 3729 1157 3791 quem

57 3832 110 3896 hie
134 3834 302 3912 cernimus,
325 3827 481 3894 latissime
503 3851 560 3916 per
582 3831 727 3914 linguam
749 3831 897 3894 diffusum
919 3853 999 3896 esse.
1045 3833 1156 3914 Neque

56 3955 143 4016 enim
165 3952 266 4014 solum
290 3954 330 4014 ad
353 3954 396 4031 id,
420 3954 502 4033 quod
524 3957 598 4017 usui
620 3966 679 4033 est,
703 3955 938 4028 enunciandam
966 3955 1155 4041 applicatur,

56 4075 112 4138 sed
141 4076 238 4137 etiarn
267 4075 308 4136 ad
338 4072 434 4135 finem
465 4088 497 4137 et
524 4077 695 4141 consilium
723 4079 974 4163 exprimendum·
1027 4081 1099 4155 Quo
1114 4061 1157 4143 ,in

56 4217 176 4282 genere
198 4198 315 4261 mirum
338 4207 396 4277 cst,
419 4216 519 4285 prope
542 4219 668 4286 semper
692 4201 732 4266 ad
753 4202 1028 4288 interpretandum
1050 4216 1157 4290 aptam
