2700 4672
1159 194 1228 268 195

119 413 192 457 eam
215 392 255 455 ab
277 390 412 454 orientis
434 387 561 476 populis
584 388 625 452 ad
649 386 790 450 Graecos
813 398 909 469 atque
938 386 1016 452 indo
1042 387 1084 452 ad
1106 388 1229 455 Barba·

119 516 290 594 rolatinos,
309 516 362 596 qui
371 509 568 601 fusienum,
575 506 1049 598 susteuetum,susconettem,
1065 513 1229 596 dixerunt,

119 639 293 704 transiisse
321 650 461 701 oensent.
513 634 582 700 Sed
609 635 697 715 vide,
720 655 763 698 ne
786 637 869 698 sorte
884 634 949 699 tale
968 637 1188 700 vestimentum
1206 656 1228 701 a

119 764 209 827 iusoo
237 761 344 825 colore
364 759 559 847 appellatum
572 752 762 844 frascanum
784 759 945 844 primitus,
969 760 1136 824 subaudita
1159 759 1228 847 pal·

119 887 159 951 lii
181 886 322 964 nomine,
346 905 366 948 a
388 880 514 946 Latinis
534 881 653 944 dictum
669 882 724 963 sit,
747 882 895 964 aquibus
910 880 995 945 aliae
1011 896 1124 966 gentes
1141 881 1228 948 hano

120 1010 294 1073 dictionem
317 1018 429 1093 postea
452 1015 615 1068 mutuatae
637 1005 705 1068 sint

137 1166 141 1172 ·
256 1129 296 1193 V.
320 1127 395 1193 308.
441 1115 568 1209 inmutav
589 1129 610 1191 i.
634 1150 661 1191 e.
684 1114 814 1206 ἔκαμον.

252 1253 294 1316 V.
319 1250 394 1316 309.
439 1238 499 1310 iiio’
524 1253 546 1315 i.
570 1273 597 1315 e.
621 1239 705 1312 ὅλον.
734 1285 778 1297 -
804 1238 1019 1332 ,ἕκατάφαγαν
1040 1251 1063 1314 i.
1086 1272 1114 1313 e.
1136 1244 1227 1311 κατέ.

121 1398 240 1458 φαγον,
263 1375 313 1438 vel
334 1367 542 1453 κατέγρωξαν,
564 1375 646 1454 quod
670 1375 707 1436 in
729 1372 905 1460 archetypo
934 1385 991 1436 est.
1028 1406 1070 1420 --
1110 1362 1227 1455 §auquel
1289 1392 1291 1396 ·

120 1513 254 1589 propter
275 1510 410 1561 metrum
433 1509 466 1560 et
488 1496 620 1560 finalem
643 1517 790 1560 versuum
813 1509 1002 1559 concentum
1017 1516 1076 1584 pro
1093 1483 1227 1577 ἔκαμαν.

252 1622 296 1686 V.
320 1619 395 1686 310.
439 1608 530 1701 iiyaeoe
552 1619 658 1681 rarior
680 1620 784 1682 souma
805 1639 865 1705 pro
885 1609 977 1700 ὑγιής
993 1620 1078 1705 apud
1099 1620 1228 1704 vulgum

120 1747 200 1812 olim
222 1747 353 1824 usitata,
377 1763 471 1825 quam
494 1741 717 1828 lexicographi
739 1743 894 1805 adnotare
916 1741 1138 1826 neglexerunt.

253 1868 296 1931 V.
320 1865 394 1931 311.
440 1854 536 1946 ὁμάδι
557 1866 608 1929 vel
635 1877 672 1928 ut
693 1865 777 1951 apud
799 1865 882 1928 alios
910 1867 1126 1947 antiquiorum
1152 1877 1227 1953 poa-

122 2005 228 2056 tarum
250 1991 369 2075 legitur
392 1978 506 2070 ὁμάδιν
529 1989 589 2070 (os.
616 1987 689 2052 Cor.
710 1981 830 2049 'Araxe
854 1985 946 2051 'i'om
964 1987 998 2052 ΙΙ
1019 2009 1051 2076 p.
1069 1987 1149 2070 272)
1171 1991 1226 2054 ad.

120 2116 263 2180 verbium
285 2124 344 2192 est,
367 2112 557 2195 significans
574 2108 684 2185 simul,
706 2113 798 2193 quod,
823 2132 918 2193 quum
937 2123 1057 2176 eertum
1073 2117 1141 2197 ejus
1160 2126 1226 2197 ety-

121 2257 198 2302 mon
220 2237 264 2299 sit
286 2255 306 2298 a
327 2235 468 2299 veterum
490 2235 688 2298 substantivo
706 2224 799 2314 ὂμάς,
815 2256 857 2297 ex
872 2234 1067 2299 deminutivo
1083 2225 1226 2318 ὁμάδιον,
1282 2320 1285 2327 ¹
1328 2234 1331 2242 ’

121 2350 247 2443 inuiam,
270 2350 366 2438 ὁμάδι
388 2357 423 2420 in
446 2356 587 2420 adverbii
609 2356 825 2439 significatum
843 2357 1009 2420 transierit
1023 2377 1153 2421 neeesse
1168 2371 1226 2423 est
1342 2381 1343 2388 ¹

252 2481 294 2544 V.
318 2478 395 2545 313.
443 2469 636 2554 &amalorum
667 2479 719 2543 vei
750 2469 953 2553 δανείσξγηκα
983 2478 1125 2563 vulgaris
1158 2501 1225 2545 aon.

121 2627 207 2695 pass.
236 2626 294 2692 pro
324 2594 531 2680 ἐδανείσβην,
554 2604 609 2684 qui
632 2603 737 2666 locum
761 2603 887 2683 antiqui
908 2621 976 2666 eor.
998 2602 1080 2665 mod.
1108 2598 1226 2664 ἐδανει.

120 2719 232 2811 σάμην
263 2726 316 2790 hie
345 2738 440 2791 tenet.
479 2759 518 2771 -
551 2714 586 2785 τὸ
604 2714 706 2803 ὑφάδι
733 2723 784 2788 vel
813 2713 948 2801 todoat
976 2723 1038 2788 hoo
1064 2725 1135 2789 loeo
1158 2747 1225 2791 non

121 2861 266 2926 textum,
287 2871 390 2932 tneque
412 2858 562 2913 tuoruum
585 2860 642 2912 aut
663 2843 849 2921 subtemen,
878 2848 934 2912 sed
957 2845 1098 2913 texendi
1117 2857 1225 2914 tuate-

121 2973 212 3040 rium
234 2975 328 3039 valet.
375 2973 547 3036 Caeterum
570 2973 609 3035 ei.
632 2944 770 3036 Lobeek.
794 2969 835 3034 ad
857 2968 981 3054 Plnyn.
1004 2994 1036 3060 p.
1060 2970 1113 3038 7'i.

252 3095 296 3159 V.
319 3093 395 3160 314.
441 3092 519 3172 01Ιᾷ
540 3095 563 3158 i·
586 3116 613 3158 o.
638 3094 726 3170 §neci
771 3093 848 3156 viu.
871 3093 913 3157 ad
929 3113 1009 3158 vars.
1027 3093 1079 3159 38.
1108 3131 1146 3142 -
1172 3095 1225 3161 De

121 3209 292 3297 περσᾶτερᾶ
317 3218 338 3279 i.
362 3238 389 3279 a.
412 3205 633 3296 περισσῖπερονι
650 3220 721 3298 jam
747 3216 872 3279 loeutus
899 3237 972 3280 sum
999 3218 1042 3281 ad
1069 3237 1149 3282 vers.
1173 3216 1224 3284 79.

122 3375 167 3392 ..
190 3336 301 3419 ζοῦρα,
330 3339 460 3420 antique
487 3329 592 3414 τόκος,
611 3339 705 3424 apud
733 3338 865 3424 vulgum
891 3339 963 3403 sine
992 3326 1086 3404 dubio
1115 3341 1224 3405 multis

122 3456 241 3527 abhinc
262 3462 399 3525 saeculis
416 3464 487 3546 jam
509 3461 656 3542 invaluit,
679 3474 846 3549 postquam
869 3482 889 3526 a
911 3459 1073 3526 Romanis
1100 3483 1226 3528 usurae

122 3606 230 3649 vocem
253 3586 385 3648 audivit.
428 3584 745 3667 Dueangius-Gloss.
769 3587 861 3647 Tom.
884 3584 901 3647 I
923 3605 954 3670 p.
980 3580 1065 3646 1029
1088 3593 1122 3645 et
1138 3581 1225 3648 1064

121 3718 280 3772 memorat
306 3716 473 3791 praeterea
490 3707 614 3768 formas
641 3724 708 3767 non
731 3703 869 3789 amplius
891 3705 1027 3767 usitatas
1054 3695 1170 3785 ὄζοῢρα
1190 3716 1225 3770 et

121 3823 269 3910 οὗζοῧρα,
292 3827 349 3892 sed
372 3829 454 3909 quod
475 3828 603 3907 mirum,
626 3825 737 3890 eadem
760 3826 926 3908 utrobique
951 3825 1117 3890 Joannioii
1146 3824 1225 3890 Car.

93 3934 94 3938 Ἰ
123 3954 193 4017 tani
216 3973 257 4014 ex
278 3970 374 4014 serm.
406 3949 427 4014 5
450 3951 489 4013 do
517 3950 653 4014 avaritia
681 3969 743 4035 pro
768 3950 962 4031 testimoniis
984 3950 1080 4013 verba
1102 3948 1224 4033 allegat

122 4075 226 4138 altero
248 4073 319 4137 loeo
335 4065 472 4153 -ὀξοῦρα,
495 4072 597 4136 altero
619 4064 756 4153 οὐςοῧρα
777 4091 926 4136 exarans.
963 4072 1092 4136 Priore
1113 4070 1224 4136 videli·
1249 4089 1250 4092 ’

122 4209 173 4260 cet
195 4196 264 4261 loeo
287 4194 368 4261 haee
391 4194 489 4262 hahet
508 4185 565 4256 καὶ
586 4189 690 4293 &aiace
710 4189 762 4276 ἰδῇ
783 4212 869 4265 τινας
888 4186 1060 4266 meeum
1078 4187 1158 4256 3ποῦ
1178 4187 1223 4255 δι’.
