2700 4672
140 203 215 254 XXX

137 370 353 452 testimoniis
365 368 511 444 eruisse.
563 365 702 444 Omnes
720 368 886 442 nimirum
904 368 940 441 io
955 367 1026 443 boc
1042 381 1247 471 peccarunt,

139 506 237 609 quod
262 529 327 605 per
350 511 462 577 totam
486 499 624 575 Italiam
648 527 754 575 unam
787 502 1008 602 eandemque
1038 505 1247 602 pronuntia·

113 640 271 741 ‘tionem
296 634 523 735 antiquorum
548 658 637 708 aevo
661 632 772 708 fuisse
796 644 977 738 putarunt.
1026 634 1101 710 Sed
1126 646 1166 712 ut
1181 637 1248 714 ho·

138 771 196 846 die
220 769 322 844 aliter
351 765 490 857 Veneti,
515 764 617 839 aliter
641 764 849 856 Florentini,
874 765 975 841 aliter
998 766 1161 861 Romani,
1184 771 1246 847 ali-

136 912 193 977 ter
216 898 443 1001 Neapolitani
468 896 615 972 eosdem
640 923 751 973 sonos
777 898 977 989 enuntiant,
1008 899 1059 974 ita
1082 927 1155 976 non
1180 906 1246 978 mi-

135 1059 260 1109 norem
292 1005 554 1107 dissensionem
577 1020 740 1108 veterum
770 1040 886 1106 aetate
916 1031 1028 1108 luisse
1059 1036 1243 1135 probabile

137 1175 202 1241 est
251 1163 351 1241 Nihil
386 1162 456 1238 tale
493 1163 587 1265 apud
624 1164 793 1240 Graecos.
847 1163 993 1239 Etenim
1026 1192 1092 1266 per
1127 1177 1242 1245 totam

137 1297 322 1375 Graeciam
347 1322 418 1370 una
444 1297 672 1397 omniumque
697 1297 894 1372 communis
918 1298 1158 1399 pronuntiatio
1180 1329 1242 1402 pa·

134 1440 205 1519 tet,
232 1456 445 1530 quamquam
474 1428 592 1507 variae
623 1443 709 1507 sunt
738 1429 880 1505 dialecti
909 1455 983 1503 non
1013 1430 1131 1508 minus
1163 1435 1241 1533 qui-

133 1562 284 1636 busdam
307 1561 346 1635 in
370 1561 478 1637 rebus
504 1560 681 1651 diversae,
706 1590 812 1663 quam
837 1565 1063 1663 antiquorum
1087 1562 1240 1641 dialecti.

132 1693 238 1771 Alter
262 1719 361 1768 error
387 1704 453 1784 est,
480 1693 587 1794 quod,
615 1696 782 1796 quoniam
806 1695 959 1770 Romani
989 1696 1097 1772 variis
1121 1698 1238 1775 modis

133 1825 354 1901 Graecorum
379 1851 488 1901 sonos
514 1854 579 1903 sua
602 1826 720 1930 lingua
738 1826 947 1926 exprimunt,
965 1824 1011 1899 ad
1027 1827 1240 1909 stabilienda

130 1957 385 2060 pronuntiandi
409 1971 599 2062 praecepta
623 1958 894 2036 usitatissimum
918 1985 1045 2059 graeca
1066 1963 1238 2041 vocabula

130 2089 305 2169 reddendi
328 2089 472 2165 modom
498 2090 720 2193 sequendum
747 2115 828 2165 esse
852 2089 920 2166 viri
946 2089 1043 2166 docti
1060 2092 1236 2191 dixerunt,

130 2223 183 2301 At
200 2223 354 2299 Romani
371 2224 505 2325 pariter
529 2235 637 2325 atque
663 2222 792 2300 Graeci
809 2247 918 2298 voces
935 2225 1141 2326 peregrinas
1159 2255 1237 2303 mu·
1269 2297 1272 2300 ⁴

129 2358 220 2433 tuati
245 2355 351 2431 modo
376 2355 414 2431 id
439 2355 639 2445 studebant,
664 2364 713 2444 ut,
739 2380 845 2456 quem
863 2356 1081 2448 audiverant,
1106 2385 1236 2436 sonum

127 2489 331 2582 redderent,
355 2490 463 2564 modo
487 2497 528 2562 ut
551 2513 677 2564 vocem
701 2497 808 2588 prout
832 2488 972 2590 linguae
997 2516 1083 2565 suae
1107 2502 1235 2569 natura

127 2621 281 2714 ferebat,
320 2619 463 2723 paulum
504 2629 640 2695 mutato
689 2646 779 2696 sono
823 2619 999 2697 efferrent„
1079 2623 1233 2725 Saepius

125 2783 213 2836 vero
226 2753 451 2858 peregrinum
469 2775 597 2827 sonum
617 2752 786 2845 vitabant,
812 2782 918 2855 quam
936 2755 1172 2847 imitabantur,
1188 2785 1232 2833 ac

126 2915 213 2965 suae
237 2889 377 2988 linguae
401 2884 609 2986 peregrinae
635 2888 751 2989 gentis
775 2914 884 2965 voces
907 2889 1231 2967 accommodabant

123 3021 213 3098 Inde
238 3020 289 3107 lit,
311 3025 352 3090 ut
377 3016 608 3094 usitatissima
633 3047 780 3123 graecos
806 3046 915 3097 sonos
931 3020 1040 3096 latine
1056 3021 1231 3101 reddendi

123 3153 226 3240 ratio,
251 3172 323 3247 quo
348 3150 460 3250 magis
478 3149 588 3226 latina
604 3164 671 3245 est,
689 3154 866 3229 eominus
884 3180 949 3255 pro
966 3180 1089 3228 norma
1109 3157 1230 3257 graeci

123 3279 374 3387 pronuntiatus
398 3280 522 3358 baberi
547 3296 665 3387 queat.
724 3286 809 3361 Duo
840 3287 1000 3387 exempla
1030 3313 1229 3387 proponam

123 3414 377 3490 elementorum
400 3420 431 3517 β
455 3425 492 3493 et
515 3449 551 3520 ap
606 3418 770 3520 Quorum
803 3417 891 3492 illud
920 3444 1044 3517 saepe,
1074 3426 1115 3491 ut
1143 3445 1229 3516 pro-

121 3543 277 3622 nuntiari
301 3543 417 3638 debet,
441 3547 559 3624 littera
583 3580 607 3628 v
638 3549 855 3652 exprimitur,
880 3547 977 3624 velut
1006 3547 1044 3621 in
1073 3550 1156 3624 oioo
1188 3563 1227 3629 et

119 3681 210 3766 eila,
225 3705 315 3777 quae
340 3691 490 3782 cognata
515 3693 601 3758 sunt
625 3709 706 3757 cum
731 3681 867 3780 graecis
892 3678 1073 3755 vocabulis
1090 3680 1171 3780 βίος
1187 3696 1227 3762 et

119 3808 222 3913 βιόω.
277 3811 339 3886 Sic
365 3840 510 3915 quoque
534 3813 655 3887 Latini
678 3838 766 3885 voro
792 3811 914 3887 dicunt
941 3822 977 3887 et
1001 3813 1102 3925 volo,
1135 3843 1226 3916 quo-

119 3970 198 4020 rum
222 3945 320 4044 prius
345 3946 494 4021 verbum
519 3953 559 4017 ut
583 3968 684 4034 sono,
708 3943 759 4017 ita
784 3953 821 4018 et
845 3943 1044 4045 significatu
1068 3949 1226 4027 concinit

119 4105 200 4154 cum
225 4076 361 4180 graecis
384 4073 514 4174 βορός,
543 4070 659 4174 βορά,
689 4075 909 4177 βιβρώσκω,
933 4079 1113 4178 posterius
1139 4107 1222 4157 eom

116 4208 314 4310 βούλομαι
338 4205 416 4284 sive
438 4201 616 4306 lldbopoa
665 4206 809 4312 Quodsi
831 4216 862 4311 β
885 4210 991 4314 volgo
1017 4212 1223 4292 enuntiatur
