2700 4672
151 218 221 289 154

114 368 120 386 x
148 413 224 496 quia
251 410 351 474 alium
382 409 480 474 hahet
512 428 657 490 sensum,
686 409 989 507 plusquamperleeti
1011 411 1256 502 periphrasihns

147 533 387 601 adnumeranda
409 544 468 596 est·

278 659 422 720 Transeo
450 655 491 719 ad
519 657 617 720 futuri
644 657 797 743 temporis
824 657 1039 745 periphrases.
1091 661 1251 745 Antiquo-

146 803 217 847 rurn
232 783 371 845 futurum
385 769 503 860 γράψω
519 775 679 856 scribom,
699 770 818 855 ποιήσω
830 776 988 865 sacient,
1009 803 1125 866 vagum
1139 785 1251 852 infini-

144 921 272 986 tumque
294 904 525 966 recentioribus
548 904 650 966 visum
673 915 731 966 est.
786 907 999 980 Quamobrem
1027 909 1133 971 varias
1156 929 1249 974 exeo·

144 1032 288 1114 gitarunt
311 1025 581 1106 circumloquendi
603 1028 757 1106 rationes,
780 1028 904 1108 quihus,
927 1039 961 1091 ut
983 1030 1070 1092 inter
1090 1052 1126 1093 se
1145 1031 1248 1108 diver-

142 1156 200 1234 sis,
223 1153 383 1214 diversum
405 1151 502 1212 etiam
526 1169 657 1211 sensum
679 1151 970 1235 exprimineeesse
992 1163 1050 1214 est.
1102 1156 1175 1230 Quo
1199 1155 1247 1236 fit,

141 1288 178 1340 ut
198 1273 345 1356 singulae
367 1272 466 1334 loturi
489 1272 642 1357 temporis
664 1274 786 1338 lormae
813 1286 938 1359 partem
967 1287 1091 1339 tantum
1120 1278 1251 1361 signifi·

141 1398 280 1462 cationis
308 1396 433 1476 antiqui
462 1395 561 1456 tutori
589 1395 744 1475 reddant,
773 1409 875 1460 totam
898 1402 966 1480 ejus
989 1401 1060 1463 vim.
1075 1419 1143 1465 non
1164 1403 1244 1466 reie-

139 1533 224 1586 rant·
268 1519 309 1582 In
331 1518 382 1582 his
405 1518 506 1580 luturi
527 1521 679 1603 temporis
701 1520 1002 1606 apudreeentiores
1025 1524 1136 1588 formis
1158 1526 1246 1610 peri·

138 1645 312 1733 phrastieis
335 1643 416 1705 duae
435 1641 590 1721 eminent,
623 1661 756 1723 quarum
778 1643 881 1707 altere
903 1656 1030 1708 constat
1050 1649 1150 1711 tertie
1171 1669 1244 1734 per-

136 1789 219 1833 sona
238 1769 321 1849 sing.
345 1764 416 1827 Ind.
438 1785 543 1850 praes·
565 1766 655 1829 verbi
674 1757 760 1836 θέλω
784 1778 817 1830 et
832 1766 1046 1850 conjunctivo
1068 1791 1173 1855 praes.
1191 1772 1243 1837 vel

136 1913 205 1956 aor.
227 1893 312 1973 aas,
336 1888 418 1969 quod
440 1889 583 1971 exigitur
609 1890 707 1952 verbi
759 1891 864 1966 Quam
893 1892 1051 1954 rationem
1079 1894 1110 1955 si
1135 1895 1241 1976 sequi-

135 2037 218 2093 mur,
234 2013 438 2092 antiquorum
452 2002 570 2091 γράψω
591 2031 677 2075 nune
699 2013 849 2074 vertitur:
873 2005 958 2081 &dier
981 2006 1096 2096 γράφω
1119 2017 1170 2080 vel
1185 2011 1239 2088 &d

133 2143 179 2198 lta
206 2125 324 2217 γράψω
352 2127 457 2214 (βέλει
484 2125 612 2216 γράψῃς
640 2133 692 2196 vel
719 2129 805 2203 θέλει
833 2146 965 2218 perturpe
992 2140 1072 2218 ete.)
1118 2139 1249 2209 Utrum·

134 2259 363 2346 Coanrretivus
385 2259 575 2343 praesentis,
599 2277 642 2319 an
665 2258 779 2322 aoristi
801 2274 950 2345 ponatur,
974 2261 1108 2325 multum
1130 2266 1239 2329 refert

132 2384 200 2450 Sed
222 2385 298 2466 quia
318 2392 431 2446 notam
453 2381 539 2444 hane
559 2380 775 2473 differentiam
798 2386 928 2469 opinor,
956 2405 1036 2466 qnae
1059 2387 1147 2451 inter
1168 2408 1235 2452 mo·

130 2510 188 2574 dos
210 2507 390 2594 praesentis
412 2516 444 2568 et
466 2504 583 2567 aoristi
604 2505 786 2586 intercedit,
808 2527 947 2588 quaeque
964 2529 982 2570 a
999 2530 1049 2571 me
1064 2509 1143 2574 alibi
1157 2532 1235 2597 pau·
1275 2476 1279 2495 ι

130 2634 176 2695 eis
199 2631 387 2694 adumbrata
407 2637 467 2706 est,
490 2627 563 2691 ideo
585 2648 656 2691 eam
682 2627 736 2692 hie
757 2630 888 2694 silentio
910 2643 1088 2717 praetereo.
1115 2633 1164 2698 At
1176 2656 1235 2699 eur

130 2757 246 2817 Graeci
269 2733 325 2816 hie
346 2743 432 2821 nitar
455 2751 579 2827 dieunt,
607 2752 642 2814 id
664 2772 684 2815 e
706 2754 836 2817 nemine
857 2753 1057 2829 enucleatum
1091 2760 1231 2842 repperi.

126 2879 207 2958 Res,
229 2878 295 2940 nisi
317 2875 423 2950 fallor,
445 2875 493 2937 sio
513 2896 550 2937 se
573 2873 678 2938 hahet
734 2870 823 2937 else
851 2879 887 2940 in
914 2876 976 2941 hoo
1000 2878 1155 2960 loquendi
1177 2882 1231 2964 geg

124 3022 203 3065 nere
224 3000 354 3063 verbum
377 2997 594 3082 impersonale
616 3012 676 3063 est.
723 3003 831 3076 Quare
852 3001 881 3063 si
903 3000 1004 3064 latine
1026 3003 1121 3088 paulo
1143 3006 1231 3069 inso-

123 3124 243 3188 lentius
275 3119 363 3202 loqui
397 3132 429 3182 et
457 3121 498 3183 ad
527 3120 670 3186 litteram
697 3124 763 3186 lere
791 3122 876 3186 hane
909 3125 1114 3212 periphrasin
1141 3108 1240 3198 achei

122 3235 237 3329 γράφω
259 3243 311 3307 vel
333 3236 419 3315 ello
440 3235 559 3325 γράψω
586 3257 618 3308 et
640 3237 727 3315 θέλει
755 3236 901 3322 munden>
931 3248 980 3311 vel
1007 3242 1099 3343 be'det
1120 3251 1229 3313 κτυπῶ

122 3369 387 3448 convertereris,
419 3369 468 3430 siu
489 3368 596 3432 dieas:
631 3365 792 3431 volrmtes
815 3379 883 3444 est,
909 3378 946 3432 nt
973 3367 1140 3446 scriberem
1168 3394 1228 3437 vo.

120 3489 321 3566 lentescat,
343 3498 381 3553 ut
403 3487 573 3556 verterem
597 3520 641 3543 v·-
668 3509 728 3575 pro
754 3491 895 3578 simpliei
916 3489 1064 3555 scribam
1091 3504 1124 3556 et
1149 3515 1227 3560 ner.

118 3611 255 3681 derude.
274 3659 277 3663 -

250 3736 365 3803 Altera
381 3733 584 3824 periphrasis
599 3733 675 3798 huie
690 3735 788 3822 plane
803 3740 953 3824 opposita
971 3753 1029 3802 est.
1068 3741 1117 3804 Ee
1133 3744 1223 3808 enirn

116 3872 244 3926 constet
263 3864 360 3926 verbo
377 3851 469 3931 ρέλω
491 3859 693 3944 personalem
709 3881 801 3923 usum
816 3860 953 3926 habente
968 3875 1000 3926 et
1015 3867 1120 3946 verbo,
1137 3869 1223 3948 quod

114 3984 293 4052 enuntiatio
316 3982 468 4070 postulat,
492 3982 755 4069 impersonaliter
772 3987 964 4072 usurpando.
1010 3987 1149 4069 Ponitur
1165 4010 1220 4054 an-
