2700 4672
47 389 258 479 Artophagus
282 390 421 455 accurrit
444 391 511 453 lero
533 382 720 471 suc'modc,

48 526 168 588 invasit
189 527 306 606 absque
329 520 476 586 'cautione
498 513 534 586 in
556 518 711 586 ranarum
731 516 871 606 turbam,

20 620 274 743 xPolyphouum
296 656 404 738 tetigit
424 655 460 717 in
482 663 603 717 ventre.

17 787 137 882 *Ante
158 788 263 872 ipsum
286 785 340 849 hic
362 784 511 848 extentus
528 783 643 867 jacuit,
666 795 700 849 et
720 786 830 850 amisit
851 776 1019 870 loquelam·
1064 785 1068 792 ’

48 917 94 981 Ut
117 920 196 981 vidit
216 916 452 982 Limnoehaiis¹
466 915 556 980 humi
578 919 682 980 lusum

47 1050 139 1112 illum
163 1047 388 1134 Polyphonum
410 1058 442 1111 et
464 1045 665 1127 trucidatum,

50 1180 281 1265 Troglodytam
304 1190 468 1243 assecutus
490 1180 627 1261 est,‘q'ui
648 1175 761 1244 aberat
782 1176 895 1266 longe;

50 1325 138 1377 retro
162 1313 197 1374 in
221 1311 337 1375 cellum
360 1312 397 1376 eis
413 1310 500 1375 ‹l'edit
518 1308 623 1373 'ictum'
643 1311 767 1393 lancea,

53 1458 159 1527 atque,
187 1446 304 1507 iterum
332 1442 518 1522 retrorsum,
548 1433 698 1523 cucurrit,
724 1438 967 1531 'Costophagum
987 1438 1131 1534 invadit,

53 1597 144 1643 arma
166 1580 234 1660 ejus
256 1577 425 1661 percussit,
448 1574 505 1637 sed
527 1574 594 1636 no'n
616 1566 795 1639 vulneravit
816 1571 931 1662 ipsum.
1068 1572 1071 1577 ’

54 1709 222 1774 Convertit
243 1728 279 1771 se
302 1703 526 1790 Costopliagus
552 1716 646 1768 acuta
670 1704 867 1788 cum'hes'ta,
939 1698 961 1744 ·“
1019 1697 1021 1703 ’

55 1840 221 1930 percussit,
244 1851 277 1902 et
298 1840 420 1902 viscera
443 1837 554 1901 effudit
575 1836 679 1922 ipsius
699 1834 936 1905 Limnoeh'aris.
974 1840 976 1846 '
1011 1836 1015 1848 ’

55 1975 228 2038 interanea
249 1974 321 2054 ejus
336 1966 549 2053 resciderunt,
562 1980 595 2033 et
617 1967 709 2033 humi
729 1961 881 2047 extensus
903 1985 962 2054 est,

56 2107 146 2171 lacus
168 2104 285 2184 rubuit,
307 2114 340 2167 ct
362 2113 447 2165 totus
470 2100 525 2165 est'
542 2082 750 2181 clueutat‘us'
783 2101 787 2107 ’
873 2096 880 2117 ²

54 2240 151 2303 Tunc
169 2246 292 2318 quoque
314 2229 528 2320 Tyrophagus
550 2233 587 2295 in
607 2227 724 2317 stagn'o
748 2228 908 2315 durmivit,
952 2232 957 2244 “

56 2389 170 2434 somno
177 2366 282 2448 (saue)
289 2363 499 2444 inexcitabili,
511 2383 613 2444 neque
620 2361 834 2447 (cujusquam)
840 2365 962 2437 auxilio
968 2357 1158 2454 adjutusest,

57 2522 135 2566 nam
158 2495 395 2562 Calaminthius
418 2491 490 2558 eum
513 2516 588 2558 orco
611 2493 749 2576 demisit,

58 2652 184 2718 semper
206 2641 242 2693 ut
263 2628 333 2691 illie
349 2630 474 2709 jaceret
496 2646 567 2703 eum
588 2623 721 2707 ¹reliquis
744 2645 817 2688 una.
863 2630 866 2635 ’
958 2631 962 2640 ‘

60 2764 204 2828 Rursum
227 2757 466 2824 Calaminthius
489 2756 770 2842 Ptemaglyplmm
792 2760 962 2846 conspicit,
1057 2804 1060 2809 -

41 2915 169 2976 ,verum
191 2913 257 2957 non
280 2890 477 2979 exspectavit
499 2888 582 2969 eum,
604 2899 640 2951 ut
661 2891 838 2971 resisteret,
859 2891 944 2956 sicut
965 2892 1066 2971 decet,

61 3026 118 3090 sed
139 3044 218 3111 prae
239 3034 325 3084 metu
342 3023 431 3104 -iugit
452 3043 470 3084 e
492 3031 591 3101 terra,
661 3023 666 3032 '

61 3167 187 3221 scutum
209 3154 336 3236 abJ'ecit,
357 3163 391 3214 et
412 3153 449 3214 in
469 3145 584 3214 laeum‘
597 3152 733 3234 desiluit.

62 3285 253 3351 Phitraeum
275 3278 698 3362 Embasichyt'rus'illustris
721 3283 847 3347 occidit.

63 3416 179 3498 (Nam)
201 3415 347 3479 extendit
368 3433 510 3494 manum,
532 3410 703 3501 pr'ehen‘dit
724 3413 874 3501 lapidem,
898 3427 930 3479 et
951 3419 1092 3500 sustulit,

63 3569 195 3629 eumque
218 3559 294 3610 tune
309 3546 393 3630 jecit
413 3545 446 3608 vi
467 3565 594 3639 magna.
680 3589 682 3593 .
704 3548 707 3555 ’

64 3677 106 3742 In
127 3677 218 3740 molli
239 3688 331 3765 parte
354 3675 500 3755 (vertice)
523 3674 615 3738 illum
637 3638 795 3758 percussit
816 3695 914 3760 supra
936 3683 1040 3762 caput.
1104 3759 1106 3763 Α

66 3806 189 3873 Statim
210 3829 228 3871 e
250 3792 383 3872 nasibus
404 3805 500 3872 fluxit
522 3781 688 3869 cerebrum*
703 3804 806 3890 ipsius

68 3950 101 4004 ct
123 3952 211 4004 terra
232 3939 398 4001 rubefacta
419 3939 480 4002 fuit
501 3939 661 4021 sanguine
683 3939 761 4018 ejus.

68 4073 160 4135 Tunc
181 4070 436 4133 Borborocoetes
456 4071 475 4130 c
496 4068 672 4153 longinquo
695 4069 843 4146 accurrit,

69 4198 198 4266 hastam
219 4200 333 4266 infixit
355 4201 395 4266 ab
417 4199 580 4265 anteriore·
599 4202 692 4286 perte
714 4199 884 4285 inpactus
