2700 4672
1073 230 1183 279 xxxu!
1251 238 1255 249 “

83 384 271 461 dicendum
297 399 361 463 est
409 386 515 487 Quae
540 389 571 463 si
597 386 689 488 quis‘
704 391 820 464 omnia
846 405 1007 470 accurate
1031 422 1184 498 perpen-

82 516 185 610 derit,
209 520 393 623 intelliget,
417 529 552 594 tantam
577 546 659 596 esse
683 510 871 622 utriusque
901 527 1025 626 populi
1054 530 1093 602 in
1123 557 1181 605 so-

81 650 138 724 nis
175 650 320 727 alterius
358 651 584 727 enuntiandis
622 652 911 746 inconstantiam,
944 668 985 732 ut
1018 661 1180 736 neutrius

80 779 219 883 liuguae
244 783 570 884 pronuntiationem
595 809 640 857 ex
670 782 814 859 alterius
841 813 920 859 curn
952 789 1061 866 altera
1086 818 1180 866 com-

80 915 263 1012 paratione
283 919 486 1013 conjectura
503 913 647 1013 assequi
662 911 777 1004 liceat,
794 916 971 1017 citiusque
988 923 1034 994 ob
1050 925 1179 998 utrius-

81 1070 152 1142 que
176 1045 301 1145 populi
325 1045 555 1144 cupiditatem
578 1045 788 1147 peregrinos
818 1072 928 1123 sonos
960 1051 1096 1126 vitandi
1125 1081 1180 1128 re-

79 1174 188 1274 periri
210 1202 330 1276 posse,
355 1175 535 1276 quomodo
561 1174 650 1251 alter
671 1176 824 1278 populus
840 1204 915 1254 non
933 1184 1179 1281 pronuntiarit,

79 1333 185 1406 quam
216 1307 395 1406 quomodo
425 1309 671 1407 pronuntiarit.
720 1309 796 1391 Sed
828 1338 934 1410 quam
965 1313 1090 1387 in’utile
1121 1316 1179 1407 sit,

78 1464 121 1512 eo
146 1440 295 1514 consilio
318 1439 413 1514 inter
438 1465 478 1515 se
503 1466 708 1539 comparare
723 1440 944 1518 diversorum
966 1445 1179 1545 populorum

77 1568 226 1669 linguas,
251 1581 292 1645 ut
316 1598 362 1645 ex
386 1571 585 1671 peregrinis
609 1571 757 1647 vocibus
783 1570 927 1646 alterius
954 1576 1072 1674 gentis
1097 1603 1178 1676 pro·

76 1702 335 1777 nuntiationem
353 1701 481 1792 discas,
503 1702 699 1776 recentium
717 1728 862 1802 quoque
884 1703 1094 1805 populorum
1113 1707 1179 1780 lin-

76 1860 166 1931 guae
191 1835 395 1909 ostendunt.
444 1834 561 1911 Nemo
587 1832 681 1934 apud
706 1832 829 1908 Gallos
855 1842 927 1910 tam
959 1836 1078 1913 fatuus
1111 1849 1177 1926 est,

78 1975 118 2040 ut
143 1966 332 2056 existimet,
363 1966 600 2043 evocabulis·
615 1965 841 2067 germaniciS,
872 1993 964 2066 quae
994 1969 1032 2042 in
1061 1969 1176 2069 ipsius

75 2122 274 2172 sermonem
310 2108 455 2198 recepta
493 2109 580 2174 sunt
610 2125 776 2198 quaeque
808 2098 925 2171 omnia
957 2097 1003 2171 ad
1033 2100 1177 2200 gallicae

74 2227 216 2330 linguae
232 2229 427 2329 analogiam
445 2256 686 2328 sonorumque
705 2229 986 2329 effingendorum
1002 2232 1177 2304 rationem

74 2371 210 2436 mutata
235 2371 328 2451 sunt,
351 2387 472 2437 veram
498 2360 688 2463 germanici
713 2359 889 2435 sermonis
919 2363 1177 2461 pronuntiatio·

68 2503 157 2567 'nem
182 2494 351 2594 cognosci
375 2517 503 2593 posse;
528 2519 633 2566 nemo
659 2491 754 2592 apud
776 2517 844 2566 nos
869 2501 943 2566 tam
967 2493 1107 2567 hebetis
1124 2493 1176 2566 ina

74 2625 179 2726 genii,
205 2635 245 2698 ut
270 2651 290 2699 e
314 2625 475 2713 vocibus,
500 2649 588 2722 quas
614 2649 634 2694 a
658 2622 807 2694 Pol'onis
826 2631 935 2720 atque
952 2623 1084 2696 Russis
1101 2629 1174 2696 mu·

72 2757 163 2831 tuati
188 2783 321 2846 sumus,
346 2754 438 2829 disci
454 2779 563 2856 posse
581 2761 728 2857 statuat
751 2753 930 2851 quomodo
948 2751 1092 2826 eaedem
1115 2778 1176 2827 vo-

74 2914 135 2962 ces
159 2888 196 2962 in
221 2888 290 2964 illis
315 2887 446 2988 linguis
471 2886 705 2988 proferantur.
763 2882 839 2957 Sed
865 2882 952 2983 quid
976 2884 1106 2982 loquor
1131 2884 1176 2956 de

73 3020 202 3119 linguis
238 3018 427 3094 admodum
469 3016 723 3092 dissimilibus?
789 3014 922 3090 Nonne
961 3014 1176 3091 Batavorum

72 3151 330 3250 Danorumque
354 3151 504 3249 linguae,
529 3176 620 3248 quae
644 3147 757 3221 multo
782 3145 970 3220 similiores
1004 3145 1176 3246 germani-

72 3291 257 3368 caesum,
284 3307 391 3381 quam
415 3279 521 3353 latina
545 3279 612 3353 suit
642 3305 807 3380 graecae,
838 3286 939 3351 tanto
970 3276 1176 3376 pronuntia-

71 3414 180 3488 tionis
206 3413 410 3487 discrimine
434 3439 454 3485 a
480 3438 521 3487 se
544 3421 668 3486 mutuo
693 3413 942 3508 sejunguntur,
974 3418 1015 3481 ut
1048 3408 1111 3507 qui
1135 3407 1175 3481 ii·

73 3545 155 3619 dem
179 3546 346 3621 videntur
378 3570 459 3619 esse
494 3542 589 3632 soni,
615 3542 640 3614 ii
670 3550 791 3615 tamen
824 3539 967 3613 diverso
999 3537 1106 3610 modo
1139 3546 1176 3609 et

74 3676 264 3751 efferantur
289 3687 326 3751 et
350 3676 560 3750 scribantur.
616 3671 717 3769 Quid
741 3695 827 3743 vero
852 3669 989 3765 linguas
1021 3693 1175 3739 comme-

71 3809 379 3885 moro'diversas?
428 3807 559 3882 Nonne
585 3801 744 3901 ejusdcm
769 3801 910 3900 linguae
934 3796 1052 3872 variae
1069 3794 1176 3868 diale-

73 3941 122 4015 cti
157 3940 254 4017 varie
286 3937 510 4040 pronuntiari
547 3934 726 4010 assolent?
775 3932 906 4006 Nonne
945 3927 1048 4001 aliter
1079 3927 1175 4026 apud

72 4098 139 4146 nos
164 4072 342 4160 Saxones,
374 4068 482 4142 alite:
506 4066 652 4156 Bavari,
684 4066 784 4140 aliter
814 4060 999 4134 Austriaci
1031 4059 1176 4133 caeteri-

74 4230 145 4303 que
170 4203 382 4281 Germaniae
408 4199 529 4301 populi
554 4199 757 4296 loquuntur,
782 4195 872 4268 adeo
897 4202 1034 4266 utnon
1061 4189 1176 4265 solum

880 4330 895 4365 ¹&
908 4328 923 4363 ¹l¹
936 4324 951 4356 *
