2700 4672
1182 205 1224 276 13

120 392 321 459 Beneficium
344 390 460 476 duplex
481 387 573 451 nobis
597 384 682 451 dedit
704 387 859 475 iuppiter,
882 404 917 497 ut
939 397 1149 477 gaudeamus3

122 528 248 612 (super)
262 536 383 587 terram
397 534 434 586 ut
442 521 606 600 saltemus,
615 515 656 584 ⁴et
667 520 729 604 (in)
740 541 855 604 aquam
868 536 904 589 ut
915 544 975 590 nos
984 531 1223 598 abscondamus.

122 659 214 721 Intus
236 668 268 720 et
290 665 383 719 extra
405 651 559 737 habemus
581 654 703 734 domos,
726 655 779 717 ubi
802 652 991 722 habitamus.

123 787 164 852 Si
185 791 233 852 vis
255 799 288 851 et
309 797 344 849 tu
365 785 486 864 venire,
509 746 632 849 utrina
654 787 824 850 intremus:

124 921 260 984 ascende
282 915 412 982 dorsum
434 912 548 994 meum,
573 928 605 980 ct
627 905 733 990 facile
746 928 777 980 te
799 919 1011 984 introducam.

124 1050 348 1113 Veruntamen
371 1063 445 1135 tene
467 1069 517 1111 me
538 1049 661 1129 stricte,
684 1068 727 1112 nc
749 1049 878 1115 decidas
894 1070 974 1117 neve
992 1067 1024 1118 te
1038 1059 1195 1122 amittam.

125 1183 301 1263 Postquam
317 1180 555 1261 intraverimus,
571 1174 652 1243 mihi
670 1167 774 1261 erede,
792 1183 955 1265 gaudebis,
972 1207 1070 1274 supra
1083 1191 1227 1271 modum3

126 1325 159 1378 ct
180 1315 216 1376 in
238 1315 327 1376 exitu
349 1309 482 1376 habebis
507 1311 625 1375 donum
647 1324 680 1376 et
701 1311 838 1398 pulchra
859 1335 1002 1383 munera.

127 1446 236 1509 Verba
258 1443 340 1509 haec
362 1443 482 1506 finivit:
501 1439 637 1506 ‘dorsum
659 1436 710 1508 illi
732 1435 877 1511 obvertit.

127 1579 219 1642 Tunc
241 1598 311 1641 mus
333 1575 434 1639 libere
456 1594 553 1659 super
575 1595 646 1637 carn
671 1570 818 1656 considit,

127 1722 160 1774 ct
181 1710 332 1773 audacter
354 1727 468 1771 manus
491 1727 566 1768 suas
589 1706 768 1788 collumque
790 1711 941 1775 extendit.

127 1843 220 1905 Tunc
242 1837 324 1904 rana
345 1840 450 1925 coepit
471 1860 506 1903 se
528 1840 701 1902 extendere
724 1852 758 1902 et
780 1840 981 1906 contrahere.

128 1973 203 2036 Mus
225 1973 386 2058 principio
408 1971 534 2050 laetari,
559 1938 630 2034 cunr
652 1972 784 2053 videret,
842 1964 843 1969 ¹

128 2124 222 2186 quam
244 2115 372 2166 nataret
394 2102 538 2195 pulchre,
561 2071 685 2182 mirari,
708 2115 846 2189 stupere.

129 2234 253 2299 Verum
273 2236 328 2297 ubi
351 2229 564 2319 cooperante
587 2246 675 2296 terra
698 2232 826 2316 lougius
848 2239 1006 2319 recedere,

130 2378 164 2430 et
186 2368 222 2429 in
243 2386 341 2447 aquas
364 2364 631 2452 profundissimas
654 2363 743 2426 lacus
766 2365 903 2448 ingredi,

129 2521 169 2565 ac
190 2499 361 2562 veniebant
383 2497 472 2580 nigri
493 2496 618 2576 fluctus,
641 2515 775 2576 cumque
796 2496 1012 2562 inundabant:

131 2644 207 2694 tunc
229 2643 365 2693 tremere
389 2629 506 2714 coepit,
531 2627 615 2690 oculi
638 2631 707 2709 ejus
730 2626 967 2692 humescebant.
1080 2622 1082 2625 ’

132 2730 313 2826 Ροοηίῑὲιιέ
331 2761 439 2841 (iacti)
462 2761 542 2839 crat,
567 2756 669 2840 (quia)
688 2752 759 2822 ¹non
781 2757 929 2843 habebat,
954 2764 1028 2845 quid
1049 2763 1178 2842 iaceret,

132 2896 206 2976 quia
228 2894 300 2956 fieri
322 2912 388 2956 uon
410 2903 548 2979 poterat,
571 2903 658 2955 retro
682 2906 718 2954 ut
739 2893 867 2956 rediret.

132 3028 274 3090 Tantum
295 3024 392 3110 pedes
414 3026 593 3107 stringebat
615 3020 657 3088 ad
679 3043 780 3088 ranae
802 3023 921 3104 latera;

135 3158 325 3220 creberrime
342 3157 589 3237 ingemiscebat,
612 3175 672 3219 nec
693 3157 829 3238 videbat,
854 3159 1009 3239 quo-iret.

132 3289 252 3352 Natrix
274 3287 423 3372 apparuit
445 3281 623 3373 horrendus
645 3287 681 3348 in
703 3287 843 3352 flumine.

132 3419 232 3483 Rana
254 3419 531 3498 contremiscebat,
554 3438 620 3481 non
641 3416 789 3499 hahebat,
814 3421 892 3500 quid
914 3433 1032 3503 ageret.

135 3549 174 3612 In
196 3571 309 3631 aquam
331 3571 367 3613 se
389 3551 551 3630 demersit,
575 3562 611 3614 ut
633 3551 769 3613 evitaret
792 3551 875 3613 iram
899 3550 998 3630 illius,

134 3681 386 3768 Psicharpagem
409 3682 541 3760 dimisit,
564 3693 600 3743 ut
620 3691 749 3742 nataret
771 3680 870 3740 solus.

134 3809 267 3891 Statim,
288 3824 324 3875 ut
345 3833 417 3876 eum
439 3808 571 3891 dimisit,
593 3793 638 3873 in'
652 3830 735 3892 aqua
756 3829 918 3895 expansus
940 3821 999 3888 est,
1071 3804 1073 3808 ⁴

135 3955 167 4004 ct
188 3963 266 4030 prae
289 3953 375 4004 metu
397 3945 523 4026 ingenti
546 3955 631 4006 totus
653 3941 867 4005 exanimatus.

135 4074 254 4139 Manus
277 4074 529 4155 constringebat,
551 4076 707 4137 stridebat
728 4074 885 4152 dentibus,

135 4191 219 4269 vires
241 4226 316 4272 suas
337 4205 487 4293 perdidit,
510 4216 667 4286 tremuere
688 4206 785 4294 pedes
807 4208 885 4289 ejus.
