2700 4672
1175 232 1252 286 XVll

137 392 235 467 tibus
260 416 402 493 semper
426 390 667 494 usurpandam
692 402 921 485 censuerunt,
946 420 988 469 ea
1012 404 1132 471 tamen
1156 397 1244 503 lege,

136 535 179 601 ut
202 536 319 627 prout
334 527 533 602 necessitas
557 524 617 603 vel
641 523 784 599 occasio
799 525 918 617 ferret,
941 526 1057 606 indies
1077 502 1178 630 plura
1199 560 1243 609 ex

135 659 290 735 retustis
316 659 445 735 arculis
476 667 685 733 ornamenta
717 655 1021 757 depromerentur.
1077 660 1241 744 Melioris

133 781 240 891 bujus
265 790 432 867 dictionis
458 800 583 866 auctor
612 788 848 865 Adamantius
879 790 1014 870 Coraes
1045 794 1119 870 luit
1171 800 1241 875 Cui

132 924 210 1001 viro
235 921 483 999 immortaliter
506 921 553 999 de
576 921 807 1023 popularibus
839 922 932 1013 suis,
963 923 1009 1000 de
1039 929 1239 1007 recentiore

135 1054 349 1144 Graecitata
374 1052 530 1155 denique
554 1052 600 1128 de
623 1053 753 1129 litteris
779 1054 936 1155 antiquis
961 1057 1105 1148 merito,
1132 1088 1239 1160 quem

131 1189 169 1259 in
195 1186 292 1261 omni
315 1211 448 1288 genere
470 1183 586 1261 laudis
616 1185 712 1260 inter
741 1196 888 1262 nostrae
917 1190 1045 1265 aetatis
1077 1191 1237 1271 Graecos

130 1329 359 1421 anteponam,
383 1317 500 1394 habeo
530 1317 717 1392 neminem.
771 1316 848 1416 Qui
878 1346 989 1421 quum
1019 1333 1118 1399 recte
1147 1327 1238 1425 judi·

104 1502 110 1531 -,
129 1460 259 1542 casset,
283 1450 355 1527 nisi
377 1450 532 1552 vulgaris
557 1476 676 1526 sermo
707 1449 944 1543 excoleretur,
975 1453 1119 1557 vulgum
1149 1485 1239 1534 nun·
1309 1494 1313 1499 ·

130 1609 237 1684 quam
260 1583 459 1659 litterarum
488 1582 697 1684 participem
731 1605 813 1655 esse
843 1608 972 1682 posse,
1003 1594 1112 1685 atque
1142 1588 1237 1665 hunc

130 1741 349 1806 sermonem,
381 1739 489 1815 quem
518 1713 640 1789 multis
671 1711 801 1788 abhinc
831 1714 984 1791 saeculis
1014 1718 1084 1816 jam
1115 1731 1235 1797 natum

128 1846 226 1922 docti
250 1871 394 1949 semper
416 1846 663 1948 despexerant,
688 1846 806 1947 magni
831 1873 913 1922 esse
946 1845 992 1921 ad
1016 1853 1235 1952 perspicien-

127 1978 207 2054 dam
234 1981 437 2057 universam
461 1979 602 2081 linguae
626 2006 774 2082 graecae
799 1989 961 2055 naturam
985 1988 1172 2077 momenti,
1197 1987 1235 2062 in

127 2111 195 2186 boc
220 2112 415 2187 excolendo
441 2138 584 2187 omnem
616 2139 736 2188 curam
767 2114 967 2213 ponendam
999 2139 1081 2191 esse
1113 2117 1235 2194 existi-

124 2243 243 2321 mavit.
289 2243 428 2320 Idcirco
454 2272 518 2321 cos
544 2245 783 2345 reprehendit,
815 2244 876 2345 qni
909 2271 1057 2319 ecasca
1081 2250 1234 2351 antiqui-

123 2384 200 2451 tate
224 2385 429 2483 repeterent
451 2377 622 2453 vocabula
647 2377 779 2451 nemini
796 2376 867 2452 nisi
886 2374 1105 2474 doctioribus
1123 2378 1232 2458 bodie

124 2517 221 2600 nota,
245 2508 277 2584 si
303 2507 447 2610 quidem
471 2534 598 2584 recens
624 2508 741 2609 lingua
773 2507 839 2582 alia
870 2507 963 2583 idem
996 2496 1229 2611 significantia

124 2640 382 2741 suppeditaret,
404 2639 462 2714 vel
480 2639 541 2739 qui
566 2641 753 2715 verborum
771 2638 1000 2714 nominnmve
1018 2642 1151 2718 formas
1169 2646 1230 2721 diu

123 2773 273 2849 amissas
299 2799 341 2848 ac
365 2769 462 2875 plebi
486 2770 590 2878 plane
615 2770 755 2869 ignotas
780 2773 1077 2860 renovarent,ch
1097 2776 1160 2875 qui
1185 2804 1230 2852 ex

123 2906 269 3007 antiqua
302 2906 423 3007 lingua
452 2929 494 2979 ea
524 2902 716 2979 recentiori
748 2912 953 2978 ornamenta
985 2905 1228 3003 obtruderent,

123 3064 216 3138 quae
240 3038 315 3112 lere
339 3036 492 3136 respuit,
519 3035 600 3135 quia
628 3033 694 3108 alia
719 3034 827 3110 habet
850 3061 924 3111 non
948 3037 1065 3113 minus
1091 3066 1228 3142 magna,

122 3194 216 3271 quae
241 3180 470 3244 contemnere
494 3168 655 3268 iniquum
681 3178 746 3242 est
795 3166 901 3266 Quae
928 3179 1059 3267 quanta
1085 3196 1229 3270 perver-

120 3305 211 3379 sitas
236 3300 294 3391 sit,
318 3299 356 3374 in
380 3309 524 3402 promtu
548 3324 630 3374 esse
655 3326 744 3375 reor.
801 3299 948 3375 Scilicet
979 3300 1065 3375 boni
1088 3303 1139 3376 illi
1163 3304 1227 3380 ho·

120 3435 236 3510 mines
261 3433 346 3508 dum
371 3456 513 3507 comere
537 3431 692 3533 linguam
725 3430 882 3532 cupiunt,
914 3432 1036 3509 evulsa
1061 3433 1225 3534 pulcher-

119 3567 208 3640 rirna
232 3564 462 3665 comaquasi
487 3563 704 3639 caliendrum
734 3564 768 3637 ei
797 3563 994 3663 imponunt.
1049 3564 1144 3641 Sunt
1176 3578 1228 3641 ta·

119 3724 214 3789 men,
239 3697 277 3771 in
302 3699 432 3798 quibus
458 3725 478 3773 a
503 3697 619 3773 Corae
643 3696 748 3771 nobis
779 3693 1062 3771 dissentiendum
1095 3706 1132 3772 et
1161 3710 1226 3797 po'·

118 3827 276 3929 palarem
303 3827 471 3931 loquendi
496 3856 630 3905 morem
656 3829 828 3907 adversus
853 3830 930 3927 ejus
957 3826 1224 3908 emendationes

95 3942 99 3947 ¹
118 3959 381 4036 defendendum
397 3973 572 4064 putemus.
611 3962 665 4037 Cs.
682 3973 824 4064 praetor
840 3962 925 4037 alias
945 3961 1101 4037 ultimam
1119 3961 1225 4037 Coru-

117 4094 282 4171 mentarii
306 4095 422 4171 nostri
446 4094 721 4171 adnotationem.
771 4094 897 4170 Corais
915 4093 1105 4169 dictionem
1123 4094 1223 4169 multi

116 4229 325 4329 probarunt,
342 4253 497 4329 eumque
512 4237 683 4330 tanquam
697 4227 937 4330 legislatorem
955 4227 1114 4305 venerati
1131 4233 1227 4301 sunt.

874 4365 889 4395 a
912 4365 927 4400 a
