2700 4672
131 246 181 296 111

131 414 206 490 nita
229 412 344 491 virtus
369 408 512 511 propria
544 408 662 509 gentis
686 409 905 487 Graecorum
937 414 1000 491 din
1033 424 1148 492 tutata
1180 432 1238 497 est

131 548 285 647 linguam
311 539 484 620 adversus
509 539 603 614 illam
628 551 777 647 pestem,
804 572 895 644 qnae
921 548 1044 622 crebra
1071 576 1151 624 cum
1178 579 1237 627 ex-

131 690 287 754 terarum
315 673 500 749 nationum
531 672 661 775 linguis
692 678 903 777 contagione
934 682 1087 779 patrium
1118 687 1238 784 cujus-

130 810 186 886 vis
223 806 347 909 populi
383 830 585 881 sermonem
622 832 849 907 corrumpere
891 809 994 885 solet.
1048 812 1237 915 Siquidem

81 934 84 938 ’
129 940 226 1016 nulla
255 939 333 1014 sere
363 940 476 1036 major
505 937 646 1040 linguae
676 941 824 1014 mutatio
856 939 948 1016 lacta
980 954 1053 1035 est,
1086 971 1131 1021 ex
1162 976 1236 1049 quo

130 1072 261 1150 Graeci
285 1071 353 1145 sub
377 1079 502 1144 nutum
528 1068 771 1170 ditionemque
795 1071 1036 1150 Romanorum
1061 1104 1236 1177 pervene.

129 1215 223 1281 runt
273 1203 434 1278 Tametsi
460 1203 554 1276 enim
578 1203 687 1279 verba
711 1201 818 1276 latina
842 1203 1083 1307 loquendique
1101 1209 1235 1287 sormu-

128 1338 185 1411 lae
210 1335 384 1437 quaedam
408 1360 429 1408 a
453 1334 625 1410 Romanis
651 1343 774 1409 mutuo
799 1347 938 1413 sumtae
970 1339 1008 1412 in
1038 1365 1114 1414 eam
1147 1343 1235 1418 irre·
1264 1354 1269 1361 ’

128 1477 433 1572 pserunt,‘tamen
458 1467 626 1550 sincerus¹
646 1467 817 1543 orationis
841 1479 947 1545 tenor
971 1481 1008 1547 et
1024 1498 1146 1564 sonus,
1172 1503 1234 1550 an-

128 1604 252 1702 tiquus
277 1599 336 1674 ille
360 1597 532 1698 loquendi
562 1597 661 1671 color
685 1608 722 1672 et
745 1601 873 1677 modos
904 1603 1062 1678 nondum
1092 1604 1233 1682 deside-

127 1734 307 1808 rabantur.
357 1730 509 1805 Silentio
533 1738 677 1805 transeo
696 1742 769 1822 eos,
795 1733 856 1833 qni
874 1760 984 1833 quum
1002 1762 1071 1809 nec
1086 1738 1233 1814 natione

128 1892 196 1940 nec
221 1863 380 1938 oratione
406 1862 535 1936 Graeci
561 1872 693 1955 essent,
719 1863 876 1939 deterius
896 1890 1001 1963 qnam
1017 1865 1087 1966 ipsi
1101 1866 1231 1944 Graeci

128 1997 341 2074 scribebant.
390 1993 489 2068 Haec
512 1994 588 2069 lere
611 1994 752 2096 linguae
777 1994 932 2068 conditio
954 1993 1054 2094 plora
1070 2024 1136 2098 per
1153 2025 1230 2075 sae-

128 2129 206 2204 cula
230 2126 361 2201 mansit
385 2137 421 2200 et
447 2153 518 2228 quo
544 2110 704 2229 tempore
727 2129 797 2224 jam
822 2114 943 2199 ltaliae
964 2127 1086 2228 populi
1103 2158 1228 2233 perpe.

125 2262 199 2336 tuis
229 2242 453 2334 barbararum
493 2262 650 2361 gentium
686 2255 947 2331 incursionibus
978 2259 1136 2335 infestati
1168 2266 1228 2338 ad-

125 2393 269 2469 modum
305 2403 507 2492 corruptam
543 2388 762 2489 usurpabant
792 2386 988 2486 loquelam,
1006 2440 1010 2449 ·
1028 2395 1136 2470 nituit
1167 2398 1227 2470 ad-

125 2527 197 2601 hue
221 2536 259 2601 et
282 2525 369 2599 llore
395 2524 548 2624 quodam
580 2519 771 2620 conspicua
801 2517 869 2593 fuit
899 2519 957 2594 illa
987 2510 1122 2625 lingna,
1156 2554 1227 2626 qua

78 2762 81 2767 Ι
123 2659 281 2736 Pericles
306 2658 392 2733 olim
413 2668 583 2757 tanquam
606 2649 757 2726 habenis
781 2649 1056 2729 Atheniensium
1089 2657 1226 2733 animos

123 2793 278 2869 flexerat.
326 2791 493 2889 Namque
516 2781 610 2860 haud
635 2785 673 2857 in
698 2784 823 2884 exigna
840 2783 1018 2860 felicitatis
1036 2796 1137 2886 parte
1156 2791 1225 2887 jam

124 2937 227 3002 antea
252 2924 401 3001 Graecis
425 2915 630 3022 ponendum
655 2924 740 3004 erat,
773 2914 871 3012 quod
903 2916 1043 3017 imperii
1072 2919 1226 2995 Romani

123 3060 211 3137 sede
235 3086 255 3133 a
281 3051 518 3159 Constantino
540 3046 676 3147 Magno
701 3045 914 3146 Byzantium
943 3049 1115 3125 translata
1151 3078 1224 3126 non

121 3194 293 3279 Romana,
318 3184 383 3262 sed
409 3183 545 3259 Graeca
570 3177 710 3279 publica
736 3205 802 3279 per
824 3191 940 3256 totum
957 3182 1141 3283 imperium
1159 3183 1224 3257 lin-

123 3354 190 3425 gna
227 3323 397 3398 evaserat.
458 3311 686 3412 Quamquam
726 3312 820 3386 eninr
850 3315 955 3416 primi
985 3315 1224 3414 Imperatores

120 3460 158 3531 in
184 3454 262 3529 aula
292 3443 486 3543 Byzantina
514 3442 621 3517 latine
645 3445 892 3545 loquebantur,
918 3472 1000 3520 mox
1016 3455 1134 3519 tamen
1157 3445 1224 3519 lin-

120 3614 189 3690 gua
224 3576 373 3654 Latialis
411 3575 609 3651 domestico
649 3576 867 3653 Graecorum
908 3575 1063 3652 sermoni
1100 3577 1222 3652 cessit.

118 3719 172 3794 At
193 3735 281 3803 vero
305 3708 427 3809 negari
450 3734 524 3782 non
548 3719 680 3809 potest,
713 3711 893 3808 ingentem
923 3705 1175 3784 vocabulorum
1202 3735 1223 3782 a

118 3841 292 3921 Romanis
318 3851 545 3943 acceptorum
570 3841 832 3917 multitudinem
856 3842 1018 3938 jamtum
1037 3837 1223 3938 apudple-

117 3975 200 4048 bem
224 3970 425 4085 inmlqmse.
473 3973 555 4048 Huc
578 3972 760 4072 pertinent
784 3963 852 4072 ῥὴξ
868 3995 948 4056 rex,
972 3969 1140 4044 ὀσπίτιον
1157 3969 1222 4045 ho-

118 4105 275 4207 spitium,
298 4090 435 4192 domus,
461 4105 648 4180 παλάτιον
666 4104 859 4204 palatium,
883 4094 978 4189 δοῦξ
995 4099 1126 4172 dux-et
1142 4100 1219 4176 alia.

117 4236 294 4340 Quamvis
325 4237 463 4313 seilicet
498 4235 662 4310 homines
699 4232 893 4309 liberaliter
929 4229 1069 4308 educati
1109 4242 1220 4333 atque
