2700 4672
1101 235 1211 284 XXXlX

105 399 221 489 scivit,
245 424 363 499 neque
390 411 552 497 accurate
578 400 696 475 omnia
720 401 974 502 interpretatus
994 414 1058 478 est.
1086 403 1208 503 Quare

104 558 176 605 nou
202 559 348 633 magnae
373 533 535 609 utilitatis
568 536 646 632 'ejus
678 558 769 632 opus
801 560 883 608 esse
915 545 1023 634 patet.
1077 536 1208 615 Editus
1260 594 1263 599 -

104 673 161 739 cst
185 665 264 762 ejus
289 664 478 740 thesaurus
503 666 645 767 linguae
670 692 818 766 graecae
845 666 1000 766 vulgaris
1018 677 1055 741 et
1070 668 1208 745 italicae

101 806 186 896 post
208 807 361 872 mortem
385 798 540 871 auctoris
568 797 732 872 Lutetiae
767 799 858 871 1709
889 797 959 874 hoc
990 800 1123 901 duplici
1154 802 1206 875 in·

101 928 258 1027 scriptus
296 928 429 1030 elogio:
479 926 685 1030 Θησαυρδς
714 934 780 1029 τῆς
805 929 1014 1031 Ῥωμαῖκῆς
1045 930 1107 1007 καὶ
1140 939 1206 1034 τῆς

101 1056 321 1161 Φράκγκικης
343 1058 535 1162 γλώσσας.
586 1060 725 1134 Tesoro
750 1058 843 1134 della
867 1060 985 1159 lingua
1010 1062 1156 1136 Italiana
1182 1090 1203 1138 e

82 1170 400 1291 Crem-Vulgare
425 1191 469 1264 da
499 1192 701 1269 Somavera.
756 1191 886 1292 Parigi.
916 1195 1019 1267 1709.
1052 1194 1202 1271 2Tom.

101 1324 134 1394 d.
159 1321 276 1396 Multo
300 1323 443 1421 majoris
469 1324 575 1426 pretii
599 1333 672 1399 est:
695 1322 836 1414 „Caroli
862 1325 1038 1426 Ducangii
1056 1326 1201 1403 Glossa-

98 1453 190 1526 rium
215 1453 261 1528 ad
284 1456 480 1555 scriptores
510 1454 647 1529 mediae
678 1466 717 1529 et
744 1456 885 1528 infimae
915 1458 1133 1557 graecitatis,
1162 1459 1200 1534 in

98 1612 171 1684 quo
196 1612 322 1686 graeca
347 1586 518 1663 voeabula
542 1596 691 1661 novatae
721 1587 988 1688 significationis
1019 1597 1080 1661 aut
1112 1616 1199 1664 usus

95 1717 258 1808 rarioris,
288 1719 454 1809 barbara,
479 1719 637 1808 exotica,
658 1717 914 1809 ecclesiastica,
944 1718 1123 1818 liturgica,
1150 1729 1199 1793 ta·

97 1849 206 1939 elica,
232 1851 384 1940 nomica,
409 1851 547 1940 iatrica,
572 1849 752 1940 butanica,
778 1849 937 1949 clrymica
969 1850 1198 1951 explicantur,

96 2007 291 2082 corumque
314 1983 480 2057 notiones
507 1962 544 2057 el
567 1982 817 2082 originationes
835 1990 1044 2081 reteguntur
1062 2009 1082 2056 e
1099 1983 1198 2067 libris

97 2112 220 2203 editis,
255 2113 400 2189 ineditis
435 2114 692 2214 veteribusque
723 2115 980 2204 monumentis,
1030 2115 1198 2216 Lugduni

95 2245 189 2344 apud
214 2245 435 2322 Anissonios.
455 2272 548 2320 anno
576 2246 696 2319 losd’
722 2244 946 2341 divulgatum.
984 2245 1058 2320 Sed
1077 2272 1198 2344 quam-

94 2377 150 2453 vis
174 2376 230 2453 vir
259 2375 560 2451 laboriosissimus
589 2376 660 2470 hoc
691 2377 828 2478 ingenti
859 2402 968 2476 opere
1000 2375 1196 2451 immortale

53 2538 56 2549 ·
94 2507 189 2608 apud
212 2518 378 2608 posteros
402 2535 534 2583 nomen
558 2519 772 2584 consecutus
792 2499 856 2599 sit,
879 2518 1009 2598 tamen,
1035 2509 1118 2607 quia
1136 2536 1196 2609 pa-

94 2667 171 2716 rum
198 2640 380 2741 cognitum
404 2640 558 2714 habebat
580 2639 761 2739 vulgarem
791 2664 992 2713 sermonem
1022 2665 1196 2738 graecum,

93 2783 166 2847 tam
190 2799 299 2873 saepe
323 2771 446 2875 lapsus
471 2781 539 2861 est,
562 2781 603 2847 ut
629 2769 690 2873 qui
714 2767 839 2847 didicit
863 2796 941 2845 eam
964 2769 1129 2872 lingnam,
1159 2771 1197 2847 in

94 2903 244 3003 singulis
284 2905 422 3005 paginis
460 2903 645 3004 permulta,
682 2929 774 3003 quae
811 2901 995 2992 emendet,
1030 2903 1197 3003 reperiat.

94 3035 225 3135 Neque
250 3036 344 3113 enirn
367 3036 482 3111 solum
507 3035 658 3137 plurima
682 3035 788 3111 verba
819 3060 893 3109 non
923 3032 1114 3124 intellexit,
1146 3045 1197 3109 at·

94 3194 167 3266 que
192 3193 243 3257 ea,
268 3194 375 3265 quam
406 3166 551 3265 adjecit,
581 3168 876 3266 interpretatione
908 3194 928 3241 a
958 3191 1043 3242 vero
1074 3191 1196 3240 eorum

95 3325 207 3375 sensu
236 3297 428 3387 aberravit,
465 3296 531 3372 sed
562 3297 668 3372 etiam
700 3298 869 3399 pleraque
900 3299 1029 3398 quibus
1066 3297 1195 3371 litteris
1308 3357 1313 3366 .

95 3430 284 3506 scribenda
307 3438 440 3518 essent,
464 3430 625 3507 nescirit.
674 3429 725 3504 At
749 3439 887 3503 tautum
912 3431 1023 3518 abest,
1048 3439 1089 3502 ut
1112 3453 1196 3503 con·

94 3572 251 3636 temnam
274 3560 344 3637 hoc
369 3560 590 3661 glossarium,
614 3572 656 3637 ut
681 3587 772 3661 quae
797 3563 874 3658 ejus
898 3569 1022 3632 auctor
1055 3585 1098 3631 ex
1123 3561 1197 3633 ine·

95 3692 179 3769 aaa
204 3672 442 3769 bibliothecae
466 3692 650 3767 parisinae
669 3676 860 3794 glossariis,
885 3689 1086 3766 senorusns
1105 3688 1197 3765 arras-

95 3850 167 3923 que
197 3825 436 3901 monumentis
468 3824 603 3914 hausit,
635 3849 677 3897 ea
706 3826 822 3900 bonae
853 3822 963 3923 frugis
993 3821 1198 3921 plenissima

97 3955 259 4054 iudicem.
309 3955 452 4057 Quodsi
477 3957 514 4031 in
539 3957 594 4036 iis.
620 3980 712 4055 quae
736 3957 780 4028 ab
807 3956 883 4031 aliis
908 3981 983 4027 non
1007 3951 1198 4029 dilucidata

95 4086 175 4186 ipse
193 4085 385 4162 dilucidare
404 4088 565 4176 tentavit,
588 4088 641 4163 sic
667 4115 748 4163 eum
773 4086 982 4186 plerumque
1006 4085 1077 4161 lalli
1101 4074 1226 4162 vido-⁶

97 4244 188 4307 anus,
213 4219 314 4294 utin
339 4219 513 4297 ioculares
539 4244 676 4295 errores
702 4219 849 4299 labatur,
874 4219 976 4291 renio
1002 4216 1117 4291 danda
1143 4224 1200 4289 est
