2700 4672
1183 192 1293 264 83¹

126 395 186 459 gns
209 377 244 439 in
266 375 328 439 hoc
348 376 540 463 pronomine
562 374 661 457 amat,
683 374 817 462 perinde
839 388 888 443 est
902 388 999 463 atque
1021 371 1117 452 circi,
1139 385 1228 474 Lego

128 497 261 562 Davidis
283 501 415 581 παρσλλ.
436 494 489 574 τῆς
510 493 570 559 did.
592 521 623 561 κ.
644 520 695 580 γρ.
716 500 767 580 γλ.
789 482 928 565 αἰξί-95.

256 613 336 714 doe&
367 620 418 684 vel
450 622 517 692 σεῖς
549 618 638 704 vulgi
664 639 753 685 more
779 641 840 708 pro
868 625 999 706 antiquo
1026 619 1116 708 ὑμεῖς
1141 650 1229 697 nuno

124 754 305 829 crsurpatur.
349 740 464 825 Neque
484 743 588 807 solum
609 742 709 830 plebs,
732 742 789 807 sed
810 743 909 807 etiam
930 745 1062 831 plurimi
1088 752 1227 819 erudito-

123 877 196 928 rum
218 863 278 929 has
301 867 422 928 formas
444 864 599 930 adhibent
621 877 716 947 atque
738 866 818 930 adeo
840 867 877 959 in
898 869 1066 935 scribendo
1080 874 1226 957 frequen·

124 999 206 1051 tent.
253 984 321 1052 Sed
343 987 459 1051 mirum
480 986 564 1052 mihi
586 989 722 1069 videtur,
745 988 828 1069 quod
849 987 1012 1067 Rusiades
1039 993 1075 1054 in
1096 994 1226 1061 neuhel·

122 1107 268 1172 lenische
291 1108 492 1173 Grammatik
513 1130 543 1196 p.
564 1105 630 1173 tit
652 1111 772 1174 formas
794 1104 884 1190 ε’σεῖς,
906 1105 994 1187 'doda
1016 1105 1097 1192 ἒμὸς
1118 1126 1151 1178 et
1172 1108 1226 1177 dei

121 1251 183 1317 pro
205 1231 346 1313 antiquis
369 1226 466 1312 ὑμεῖς,
489 1224 583 1309 ὑμᾶς,
604 1225 691 1312 ἡμᾶς
712 1244 745 1295 et
767 1226 816 1310 σε’,
841 1206 953 1314 quibus
982 1245 1016 1297 ct
1036 1238 1243 1307 vetustiores,

121 1355 295 1438 scriptores
316 1365 349 1416 et
371 1354 584 1433 oeconomus,
608 1352 740 1433 Coraca,
764 1340 882 1418 Cumas
896 1353 1026 1436 aliique,
1042 1357 1097 1438 qui
1112 1370 1226 1423 nostra

122 1476 277 1539 memoria
303 1476 415 1538 vivunt
441 1487 498 1539 aut
524 1481 627 1561 nuper
654 1446 874 1555 decesserunt,
902 1495 970 1539 non
998 1479 1123 1561 gravtui
1149 1491 1226 1545 sunt

120 1599 180 1676 uti,
204 1607 357 1678 tanquam
379 1598 551 1660 inusitatas
573 1596 706 1660 damnat
727 1616 767 1661 ac
780 1617 839 1683 pro
856 1597 898 1660 iis
911 1577 1008 1677 ὑσεῒξ,
1021 1591 1115 1676 dode,
1130 1592 1224 1681 ἡμᾶς,

120 1710 222 1793 ἧσένα
243 1737 264 1780 a
285 1715 377 1803 plebe
398 1716 545 1782 adhiberi
568 1701 740 1782 contendit.
784 1719 915 1782 Etenim
934 1719 1147 1785 certissimum
1162 1733 1223 1802 est,

122 1835 351 1903 omnes'hasce
373 1843 493 1906 formas
515 1842 551 1904 in
572 1859 720 1904 sermone
740 1838 865 1925 plebeJo
887 1842 1034 1942 reperiri·
1068 1841 1116 1908 ct
1139 1843 1224 1907 Dar·-

121 1963 208 2026 varis
235 1970 397 2063 rpoppor.
424 1936 567 2024 damen.
594 1964 660 2021 σελ.
686 1957 739 2026 88.
790 1961 842 2026 De
870 1961 993 2045 reliquo
1018 1962 1086 2034 σεῒς
1111 1975 1224 2028 natum

120 2095 170 2148 est
198 2106 241 2147 ex
265 2096 407 2148 veterum
434 2085 524 2162 σφεῖς
553 2089 657 2168 eJecta
688 2083 799 2148 littera
824 2107 858 2162 φ.
908 2083 959 2148 Gi.
988 2084 1126 2152 Darvar.
1153 2085 1175 2150 l.
1198 2085 1239 2165 1„

118 2226 195 2296 pag.
217 2204 271 2272 89.

251 2326 294 2390 V.
318 2322 391 2392 104.
436 2320 601 2386 oriaeorev
621 2325 672 2390 vel
694 2317 838 2384 ore'xeore
864 2326 967 2390 iorma
994 2324 1136 2412 vulgaris
1162 2349 1222 2417 pro

120 2440 277 2520 σνέκεσβε
303 2446 325 2512 2
352 2448 396 2536 pl.
422 2469 525 2534 praes.
554 2449 624 2512 Ind.
650 2447 740 2511 verbi
767 2437 936 2526 σνέιωμαι,
973 2451 1063 2532 cujus
1091 2448 1163 2512 loco
1190 2460 1223 2514 et

120 2563 222 2631 ‹rre'ao
244 2572 372 2652 dieitur,
389 2576 430 2635 'ut
447 2574 517 2654 Jam
540 2570 774 2634 observavimus
802 2569 844 2631 ad
865 2567 1000 2652 Dialogi
1021 2588 1102 2632 vers.
1124 2567 1155 2634 ci.
1177 2605 1222 2619 -

75 2723 78 2727 ·
119 2686 207 2773 με’σα
239 2694 324 2757 idem
358 2693 413 2756 hic
443 2705 540 2757 sonat
570 2693 653 2774 quod
680 2683 767 2771 με’σα
793 2684 845 2770 εἷς,
875 2689 914 2753 de
941 2709 1004 2771 quo
1035 2662 1159 2775 egimus
1180 2691 1223 2757 ed

120 2836 202 2880 vers.
224 2815 277 2882 73.
300 2850 342 2862 -
366 2815 418 2878 Do
439 2809 605 2875 eororadre
628 2816 667 2876 ci.
690 2813 798 2877 adnot.
821 2810 966 2875 adxvcrs.
989 2811 1042 2877 38.
1096 2859 1097 2863 =

254 2937 296 2999 V.
322 2935 394 3002 105.
437 2922 495 3011 iim
515 2956 575 3023 pro
594 2922 691 3010 diaron
716 2932 945 2999 deminutivum
970 2935 1142 2998 barbarum
1168 2954 1222 2999 vo-

121 3057 227 3122 cabuli
248 3041 335 3151 viror.
378 3057 501 3120 Notum
526 3068 593 3137 est,
623 3068 746 3120 veteres
774 3076 841 3119 non
870 3054 1006 3119 finxisse
1026 3055 1222 3119 deminutive

120 3154 307 3242 neutrorum
336 3178 451 3239 tertiae
478 3177 703 3240 declinationis
731 3179 768 3241 in
796 3154 831 3246 oe
858 3177 1088 3256 desinentium
1117 3195 1220 3257 neque

121 3297 218 3363 hodie
239 3300 288 3362 sie
309 3297 481 3378 loquuntur
503 3297 630 3362 Graeci.
676 3300 785 3374 Quare
807 3298 923 3362 dudum
939 3297 993 3362 hic
1010 3300 1221 3362 correxissem

119 3411 162 3501 poi
183 3412 207 3480 r’
229 3405 356 3500 i‘popqrc't
375 3440 432 3481 του
452 3406 532 3496 ἥβη,
554 3440 617 3503 que
638 3420 862 3484 emendatione
889 3432 921 3482 et
942 3419 1053 3483 finalis
1074 3438 1222 3483 versuum

121 3555 292 3607 concentus
314 3554 506 3623 servaretur,
529 3544 595 3607 nisi
616 3543 782 3630 usurpatio
803 3540 941 3627 pluralls
962 3538 1057 3622 hujus
1078 3540 1222 3602 nominis

121 3665 352 3747 quodammodo
374 3666 523 3728 obstaret.
566 3665 717 3743 'Namque
749 3661 926 3743 singularis
957 3659 1044 3722 vocis
1073 3645 1152 3733 ἦθος
1184 3660 1222 3724 in

120 3787 274 3850 inferiore
296 3763 474 3870 graecitate
495 3803 553 3871 pro
574 3805 612 3848 eo
627 3783 768 3871 ponitur,
791 3781 875 3863 quod
888 3780 1018 3845 Latinis
1041 3791 1090 3845 est
1105 3776 1223 3843 modus

121 3905 174 3971 vel
203 3903 315 3982 ratio,
342 3908 447 3973 Gallis
469 3902 639 3983 muniere,
661 3925 742 3989 quae
763 3903 883 3968 locutio
905 3922 1041 3987 graecae
1063 3903 1222 3988 imprimis

121 4029 309 4117 respondet,-
321 4029 457 4116 pluralis
464 4041 571 4094 autem
582 4010 694 4093 mores
705 4025 1044 4116 praecipuedesignat
1069 4021 1223 4111 ,Similem

122 4163 235 4219 nostro
256 4152 362 4218 locum
383 4149 481 4217 habet
502 4151 691 4235 Duoangius
713 4150 750 4216 in
773 4148 933 4214 Glossarii
954 4147 1075 4214 Tomi
1093 4168 1125 4237 p.
1140 4143 1221 4212 474:
1277 4217 1279 4222 ,
1330 4193 1332 4199 .

877 4265 930 4336 6*
1012 4258 1014 4260 ’
