2700 4672
146 243 192 291 xla

149 412 228 488 riro
253 411 406 511 egregio,
431 410 494 507 qui
517 406 614 508 quod
640 407 766 507 potuit,
790 406 970 506 praestitit
994 405 1120 504 peritis
1145 405 1256 480 lecto-

152 544 252 616 ribus
277 540 416 628 menda,
441 540 595 638 quaein
618 537 688 612 hoc
712 540 924 613 immensum
955 562 1047 636 opus
1072 562 1257 638 surrepse-

153 683 248 760 runt,
278 672 487 772 corrigenda
518 670 734 769 relinquens.
791 669 884 744 Post
913 669 1137 769 Ducaugium
1168 669 1258 743 nibil

154 804 230 876 lere
259 801 485 877 memorabile
517 801 555 874 in
590 801 661 875 hoc
697 801 892 876 litterarum
928 825 1059 898 genere
1095 801 1258 900 publicae

154 934 225 1043 luci
257 935 458 1034 expositum
489 943 547 1007 est
577 943 719 1031 praeter
750 958 847 1022 eam,
881 959 988 1031 quam
1023 931 1258 1007 Adamantius

156 1065 292 1140 Coraes
317 1064 485 1154 secundo,
511 1074 641 1163 quarto
666 1073 703 1138 et
727 1064 854 1163 quinto
871 1064 1145 1139 τῶυΆτάκτων
1160 1073 1259 1136 tomo

156 1197 307 1270 inseruit
337 1197 519 1270 materiam
550 1196 702 1271 erariis
732 1196 966 1295 scriptoribus
997 1205 1035 1267 et
1066 1194 1261 1292 lexicogra-

157 1328 239 1428 pbis
269 1327 470 1417 collectam,
499 1354 592 1427 quae
626 1327 756 1402 futuis
790 1327 984 1401 lericomm
1015 1326 1259 1400 conditoribus

157 1459 326 1559 proderit.
381 1459 564 1558 Quattuor
593 1459 732 1558 priores
761 1457 869 1557 hujus
901 1457 1021 1558 operis
1050 1468 1169 1532 tomos
1199 1484 1261 1529 ex·
1327 1487 1334 1494 ·

158 1592 283 1665 tremis
306 1592 402 1667 ritae
431 1591 534 1664 annis
564 1590 755 1664 amicorum
785 1601 913 1689 rogatu
943 1589 1078 1677 emisit,
1108 1589 1258 1687 qrriutus

159 1731 244 1820 post
266 1724 345 1818 ejus
369 1721 505 1795 obitum
528 1721 567 1793 iu
590 1720 705 1794 lucem
729 1720 889 1820 prolatus
913 1732 981 1794 est
1028 1718 1166 1795 Verum
1189 1719 1260 1793 boe

159 1852 322 1926 ultimum
346 1851 473 1925 Corais
498 1851 682 1926 doetrinae
704 1860 813 1948 atque
836 1852 969 1950 ingenii
987 1851 1170 1949 specimen
1185 1878 1261 1924 nou

159 1982 209 2054 ita
238 1982 432 2082 expolitum
463 1982 536 2073 est,
569 1994 612 2057 ut
639 1981 869 2082 expolitisset
898 1983 955 2056 rir
983 1984 1150 2072 eximius,
1188 1984 1260 2057 uisi

159 2115 229 2208 jam
258 2115 353 2188 rues
385 2113 432 2188 ad
459 2115 532 2188 boc
560 2139 684 2188 senem
713 2112 940 2187 deiecissent
997 2112 1116 2188 Pudet
1139 2112 1260 2186 dicere

159 2241 206 2315 de
231 2244 405 2347 Weigelii
429 2256 467 2319 et
489 2243 663 2320 Schmidii
685 2242 829 2332 libellis,
860 2271 882 2317 e
912 2245 1045 2343 quibus
1074 2245 1156 2345 plus
1178 2245 1261 2319 falsi

160 2401 267 2472 quam
296 2380 374 2452 reri
406 2377 534 2450 discas.
592 2375 724 2474 Neque
754 2401 840 2450 rero
865 2376 1009 2450 silentio
1032 2387 1261 2476 praetereun-

160 2505 245 2577 dum
280 2519 370 2608 puto
399 2533 548 2608 parrum
580 2505 668 2579 illud
702 2507 884 2607 Debequii
923 2508 1063 2581 lexicon
1101 2509 1259 2581 recentis

158 2636 375 2713 Graecorum
399 2638 550 2738 linguae,
575 2637 778 2738 quodcum
802 2640 1037 2739 explicatione
1052 2639 1176 2739 gallica
1192 2639 1260 2712 Pa-

159 2767 255 2841 risiis
274 2772 364 2841 1825
375 2769 592 2869 publicatum
609 2783 674 2845 est.
702 2771 917 2870 Debbquius
940 2772 1009 2844 etsi
1027 2769 1169 2843 errandi
1184 2782 1258 2844 tum

160 2924 290 2996 parcus
314 2910 382 2987 est,
406 2926 513 2999 quam
537 2902 596 2975 alii
620 2903 761 3004 prodigi
783 2888 936 2989 luerunt,
954 2912 1074 2974 tamen
1090 2904 1258 3000 quoniam

158 3029 309 3126 plurima
329 3032 501 3105 voeabula
524 3044 563 3107 et
585 3034 755 3133 loquendi
780 3059 911 3133 genera
934 3035 1072 3121 omisit,
1102 3036 1258 3132 quaein

158 3160 236 3233 aliis
259 3159 383 3235 lexicis
406 3190 480 3237 non
504 3166 737 3265 explanantur
758 3164 817 3239 rel
841 3165 934 3238 male
956 3176 1154 3254 vertuntur,
1183 3192 1258 3238 non

73 3386 88 3413 ⁸
158 3315 321 3387 magnum
347 3294 569 3370 discentibus
592 3293 818 3368 commodum
833 3297 964 3371 attrdit.
999 3298 1169 3394 Denique
1182 3324 1258 3369 nou

158 3446 306 3519 prorsus
330 3427 570 3525 spernendum
595 3437 654 3500 est
677 3427 827 3518 lexicon,
851 3429 950 3529 quod
972 3427 1175 3527 Zalicoglus
1188 3427 1258 3501 Pa-

157 3552 253 3625 risiis
283 3558 373 3628 tatu
398 3556 670 3654 imprimendum
694 3563 840 3636 curarit.
887 3562 931 3634 ln
955 3586 1030 3659 quo
1051 3559 1160 3634 rerba
1184 3560 1258 3657 gal-

156 3682 224 3756 lica
248 3687 367 3759 uerbis
391 3687 610 3762 domesticae
634 3690 854 3768 Graecorum
883 3692 1025 3789 linguae
1047 3688 1257 3781 redduntur,

155 3816 220 3887 sed
245 3817 331 3888 illud
356 3822 546 3917 praecipue
576 3823 850 3921 vituperandum
879 3823 1038 3908 ridetur,
1067 3823 1166 3921 quod
1196 3853 1257 3898 au-

155 3956 246 4031 ctor,
268 3948 414 4044 quarrdo
436 3976 546 4026 roces
571 3955 734 4052 proprias
755 3954 926 4038 nescirit,
949 3954 1084 4055 ineptis
1107 3957 1255 4028 circum-

154 4074 393 4154 locutionibus
419 4109 508 4157 usus
532 4094 601 4156 est.
646 4082 724 4156 Sed
746 4086 837 4158 suis
860 4083 907 4157 de
930 4086 1064 4161 lexicis

297 4209 453 4298 Primus,
477 4212 576 4312 quod
600 4213 722 4303 sumn,
746 4218 810 4313 qui
833 4217 1108 4294 Graurnraticam
1140 4244 1255 4320 popu-
