2700 4672
202 174 255 248 '78

208 375 360 441 vertenda
381 383 470 438 sunt:
494 391 710 460 nequaquam
732 369 772 436 ἑά
791 379 893 436 crtrut
919 370 970 435 vel
992 371 1035 434 ad
1056 370 1200 436 litteram
1226 367 1319 435 nihil

209 495 249 562 id
268 505 378 565 cierat.
422 496 474 560 De
496 489 612 566 riuorec
634 497 774 560 diximus
796 497 838 560 ad
859 494 994 578 Dialogi
1016 515 1098 558 vers·
1125 494 1153 559 1.

338 621 382 683 V.
405 617 457 684 84.
502 609 568 700 ἆμὴ
589 616 668 694 sed,
690 619 813 683 novitiae
833 617 961 698 vocula,
985 638 1081 700 quam
1102 619 1317 704 compositam

210 764 280 808 esse
296 753 413 806 notant
434 742 637 826 grammatici
664 763 706 805 ex
728 727 770 801 dv
792 752 825 805 et
846 730 907 821 μή,
936 742 984 805 ita
1011 751 1047 804 ut
1074 752 1197 805 mutata
1225 753 1316 828 pote·

209 879 292 931 state
302 863 726 950 exconditionalipartieula
734 865 769 927 in
781 864 1014 929 adversativam
1024 865 1201 927 transierit.
1209 899 1252 911 -
1263 853 1317 924 vd.

208 1009 306 1069 στιμα
327 1008 438 1051 rursus
459 999 564 1051 neutr.
582 987 665 1074 plur.
688 1008 748 1074 pro
771 988 932 1067 adverbio,
956 990 1046 1070 eujus
1069 988 1118 1049 rei
1139 986 1317 1072 piurajam

208 1111 356 1198 exemp'la
377 1111 524 1174 vidimus.
559 1144 603 1156 —
632 1101 788 1189 ροχαλίζω
810 1108 860 1174 vel
882 1100 1062 1190 ῥογχαλίζω
1090 1110 1174 1194 apud
1203 1130 1316 1174 reeen-

208 1237 308 1298 tiores
330 1234 415 1296 idem
436 1232 532 1313 valet,
555 1232 640 1314 quod
662 1234 698 1296 in
719 1234 851 1314 antiquo
880 1251 1028 1296 sermone
1054 1224 1176 1312 ῥέγκω,
1205 1225 1316 1314 ῥέγχω

208 1357 259 1422 vel
281 1357 365 1438 quod
385 1353 567 1438 Hesychius
588 1355 699 1419 laudat
716 1344 874 1437 ῥογχάζω.
917 1354 1130 1418 Recentiores
1145 1368 1316 1442 praeterea

209 1481 320 1544 dieunt
340 1466 490 1558 ῥουκάζω
511 1488 544 1544 et
564 1469 761 1558 ῥουχαλίζω,
785 1498 805 1543 a
828 1479 939 1561 quibus
961 1490 1071 1542 tamen
1099 1480 1211 1544 formis
1241 1502 1315 1545 eru·

209 1605 269 1668 diti
292 1603 463 1667 abstinent

339 1723 383 1786 V.
406 1722 458 1789 85.
502 1715 695 1804 ’βρίσκονναι
722 1744 781 1810 per
809 1721 1003 1811 aphaeresin
1025 1731 1083 1811 pro
1106 1717 1312 1806 εὑρίσκονται.

294 1851 296 1857 ’
339 1845 381 1908 V.
406 1844 458 1911 86.
503 1835 558 1905 τὸν
578 1832 687 1926 φάγον.
735 1844 813 1909 Vid.
837 1847 875 1909 de
897 1846 960 1910 hoo
986 1847 1138 1912 vocabulo
1166 1848 1241 1912 adn.
1271 1849 1312 1913 ad

207 1990 288 2034 vers·
315 1965 364 2032 ilt.
395 2003 438 2014 -
459 1957 514 2026 τὸν
534 1959 660 2048 γέρακα
682 1967 859 2052 vulgariter
880 1989 939 2055 pro
962 1962 1084 2050 ἱέρακα.
1127 1969 1222 2034 Nune
1245 1971 1312 2059 ple·

208 2113 339 2173 rumque
365 2082 400 2150 τὸ
427 2077 540 2170 γεράκι
568 2090 696 2172 dieunt,
730 2092 813 2173 quod
842 2092 912 2175 jam
941 2091 1060 2176 legitur
1092 2113 1143 2180 ap.
1176 2093 1311 2160 Annam

208 2215 364 2279 Comuen.
387 2213 442 2276 lib.
465 2210 487 2274 2
509 2212 658 2278 Alexiad.
681 2235 714 2300 p.
738 2212 778 2279 51
806 2215 842 2277 in
865 2213 917 2278 his
940 2217 1097 2280 versibus:

294 2326 328 2397 τὸ
351 2325 517 2416 σάββατον
538 2330 589 2410 τῆς
610 2333 742 2418 roganda,
764 2333 866 2419 χαρῇς
886 2330 1010 2417 Ἀλέξιε,
1031 2326 1157 2416 ἐνᾶησὲς
1177 2363 1212 2401 ro

293 2450 350 2522 καὶ
371 2453 426 2536 τὴν
446 2452 597 2540 δευτέραν
617 2450 651 2518 τὸ
672 2448 757 2542 πρωῒ
773 2449 853 2520 durii
872 2457 976 2531 καλῶς
997 2450 1033 2521 od
1055 2452 1186 2543 γεράκιν
1206 2487 1273 2545 μου

165 2575 168 2580 ’
205 2585 257 2659 Ita
278 2583 402 2647 scilieet
423 2582 656 2646 emendandum
682 2604 753 2647 eum
776 2559 960 2649 Oeconomo
986 2584 1042 2648 lib.
1071 2575 1138 2667 περὶ
1164 2607 1254 2668 προφ.
1276 2609 1307 2675 p.

206 2706 271 2772 516
301 2708 334 2771 id
364 2707 448 2789 quod
475 2707 512 2770 in
540 2717 631 2770 textu
659 2718 729 2770 erat
751 2692 822 2766 εἶπα
844 2705 950 2778 καλῶς
970 2730 999 2767 κ.
1021 2729 1045 2768 r.
1067 2712 1094 2775 t,
1139 2710 1199 2800 Est
1220 2714 1309 2776 enim

187 2821 285 2892 >teat
306 2830 501 2917 perindeae
522 2829 553 2892 si
576 2828 696 2891 dixerit
716 2817 841 2908 ὑπώγει.
890 2829 930 2892 In
957 2819 1089 2908 γεράκιν
1114 2843 1221 2895 autem
1248 2844 1308 2920 pro

129 2934 148 2959 '⁴
203 2943 316 3036 γεράκι
338 2952 554 3032 antiquiorum
574 2969 644 3011 mos
666 2959 811 3011 servatus
834 2959 883 3012 est
906 2950 1079 3013 dicentium
1093 2944 1220 3029 κλειδίυ,
1235 2978 1310 3036 κορ.

203 3069 259 3156 μίν
281 3068 402 3139 θιάΙίει
425 3073 460 3135 in
481 3069 630 3157 populari
651 3090 799 3134 sermone
820 3092 879 3158 pro
901 3065 1047 3150 κλειδίον,
1069 3065 1208 3154 κορμίον,
1231 3097 1308 3158 quo.

185 3219 274 3288 strum
297 3197 368 3259 loeo
391 3193 487 3257 hodie
509 3183 612 3252 κλειδί
632 3205 664 3257 et
685 3185 781 3273 κορμί
807 3197 911 3278 magis
934 3197 969 3258 in
991 3217 1051 3260 usu
1073 3210 1158 3279 sunt,
1183 3203 1308 3281 quade

164 3310 170 3319 ⁸
203 3340 238 3382 re
260 3318 467 3381 disseruimus
490 3300 531 3378 ad
553 3336 678 3379 versum
701 3314 731 3380 6.
762 3352 806 3364 -
832 3319 884 3382 De
905 3312 1051 3400 περίσσια
1073 3323 1144 3384 vide
1166 3323 1240 3386 adn.
1263 3327 1308 3390 ad

1018 3404 1055 3426 ψ

202 3463 231 3508 v.
255 3439 307 3504 72.
365 3439 557 3519 Caeteroqui
584 3450 617 3502 et
643 3439 833 3524 Duoangius
861 3442 952 3505 Tem.
977 3443 992 3505 1
1019 3465 1050 3528 p.
1084 3440 1167 3508 1154
1194 3465 1307 3513 vorem

201 3555 357 3644 περίσσιος
379 3583 439 3649 pro
460 3550 605 3642 περισσός
626 3561 747 3644 laudat,
771 3584 863 3646 quam
886 3575 995 3628 tamen
1018 3564 1102 3629 male
1123 3568 1235 3631 scribit
1253 3588 1306 3629 πε.

109 3721 117 3738 ι
202 3680 308 3768 ρῖσιος.
331 3719 374 3732 ·-
397 3676 566 3766 τρομάσσω
587 3687 693 3749 rarior
716 3687 818 3750 forma
839 3707 899 3772 pro
920 3679 1074 3769 τροιιιάζω.
1118 3689 1170 3754 lta
1192 3687 1320 3757 videli:

203 3823 254 3873 oet
280 3831 366 3873 nuno
394 3830 453 3896 pro
481 3801 599 3888 τρομέω
627 3809 831 3889 antiquorum
860 3810 931 3902 diei¹
959 3813 1132 3875 consuevit.
1183 3814 1304 3881 Differo

130 3927 140 3943 ”
202 3941 309 3994 tamen
331 3919 474 4011 τρομάξω
497 3931 532 3994 in
554 3951 592 3992 eo
616 3950 635 3993 a
656 3923 788 4010 mondo,
810 3931 891 4011 quod
914 3951 981 3994 non
1004 3933 1098 3996 modo
1115 3931 1253 4000 timendi
1270 3950 1305 4003 et

202 4051 489 4133 contremiscendi,
511 4053 568 4116 sed
597 4053 695 4115 etiam
730 4049 881 4117 terrendi
907 4055 1073 4119 notionem
1099 4055 1204 4122 lrabet.
1249 4059 1303 4124 De

200 4173 321 4256 reliquo
345 4193 440 4255 quum
462 4175 656 4240 recentiores
686 4174 803 4240 Graeei
831 4196 875 4236 σσ
903 4178 939 4240 in
962 4182 980 4250 ζ
1003 4190 1134 4260 mutent,
1156 4170 1303 4263 τρομάζω
