2700 4672
1185 213 1233 287 97

125 415 199 467 tura
222 399 369 466 ostendit.
415 400 527 482 Itaque
550 397 619 463 illic
641 400 830 465 enuntiatur
852 402 938 467 actio
961 403 1069 468 sutura
1091 405 1228 490 quidem,

125 528 184 589 sed
204 525 295 590 nullo
317 534 460 611 tempore
482 523 686 609 praestituto,
709 542 748 587 ac
770 522 858 604 talis,
880 544 961 606 quac
982 526 1014 590 ai
1036 527 1104 592 sors
1123 528 1172 594 ita
1186 531 1230 594 ie·

124 659 195 729 rat,
225 647 314 711 omni
341 659 485 733 tempore
512 634 659 710 accidere
689 656 794 727 queat.
845 646 967 713 Eadem
993 650 1081 740 enim
1103 671 1229 740 semper

124 773 274 836 arborum
296 768 423 832 indoles
446 778 505 846 est,
530 767 673 849 quodque
696 765 774 831 clim
796 768 836 840 de
857 770 899 832 iis
922 770 1091 836 dicendum
1105 774 1179 854 erit,
1195 774 1229 838 id

123 912 210 957 nunc
231 875 354 975 quoque
374 890 440 954 dici
461 901 578 975 potest.
624 890 733 966 Quum
754 891 854 974 igitur
876 891 1080 957 indefinitum
1100 897 1146 960 sit
1167 894 1228 960 hoc

123 1017 265 1078 futurum
285 1025 421 1100 tempus,
443 1022 476 1075 et
498 1013 604 1076 futuro
634 1023 667 1075 et
688 1015 853 1099 praesenti
875 1025 1017 1101 tempore
1039 1015 1137 1080 istam
1157 1026 1246 1081 sen-'

122 1138 258 1202 tentiam
279 1139 315 1200 in
337 1135 439 1199 latino
467 1155 614 1200 sermone
628 1135 769 1200 'reddere
791 1157 970 1223 possumus,
993 1137 1142 1202 dicendo:
1170 1160 1228 1202 nr-

88 1243 90 1247 ’
122 1255 221 1324 hores
242 1246 331 1322 nihil
351 1278 403 1322 me
424 1256 546 1322 docent
567 1258 619 1322 vel
640 1254 783 1322 arbores
804 1255 893 1322 nihil
908 1279 961 1324 nte
976 1257 1151 1326 docebunt.
1173 1261 1226 1328 An

122 1382 176 1447 his
206 1384 272 1445 iere
300 1381 405 1444 initiis
434 1383 577 1465 proiecta
602 1393 654 1461 ,est
681 1382 781 1443 futuri
808 1380 1024 1468 periphrasis,
1051 1403 1114 1465 qua
1140 1403 1227 1448 nunc
1253 1390 1255 1396 ’
1337 1404 1339 1408 “

123 1507 327 1570 continenter
350 1502 466 1566 Graeci
487 1514 629 1567 utuntur.
674 1535 719 1548 —-
763 1493 806 1562 νὰ
831 1493 952 1586 γλύσῃς
978 1504 1041 1597 vid.
1064 1505 1106 1571 ad
1127 1525 1225 1572 verss.

79 1703 83 1708 ,
124 1625 189 1693 143
211 1639 244 1691 et
266 1625 319 1691 91.
342 1656 386 1670 -·

253 1747 297 1810 V.
322 1744 396 1811 166.
442 1735 643 1817 ἕὲανάτωσες
657 1747 835 1832 vulgariter
847 1769 906 1835 pro
923 1730 1140 1820 ε’ὲανάτωσας.
1160 1748 1227 1814 Hu-

117 1876 173 1957 jus
195 1873 316 1936 formae
332 1873 404 1955 jam
424 1870 620 1934 mentionem
641 1872 720 1935 facit
741 1869 938 1958 Apollonius
960 1860 1028 1953 περὶ
1048 1857 1226 1950 συντάξεως

121 1995 150 2077 Ι,
172 1993 225 2061 36.
249 2027 292 2041 -
313 1984 355 2074 μὲ
376 1982 519 2074 πονηριοὶ’
542 2012 602 2080 pro
623 1984 665 2075 pi
686 1984 837 2075 πονηρίαν
857 1993 880 2058 i.
904 2013 931 2058 c.
953 1985 1034 2076 μετὰ
1054 1972 1211 2078 eucapiae.

252 2116 296 2181 V.
322 2114 396 2180 167.
438 2108 466 2187 ’ς
493 2103 547 2176 τὸν
572 2102 680 2197 νῶμόν
700 2135 771 2178 σου.
814 2114 892 2180 Vid·
915 2116 1059 2182 advers.
1084 2115 1158 2183 150.
1181 2146 1225 2171 0·-

121 2233 256 2320 ἒμπῆκες
283 2235 315 2301 2.
337 2256 423 2325 pers·
445 2237 535 2321 sing.»
553 2258 622 2302 eor.
645 2235 717 2304 Ind.
746 2237 839 2302 verb.
863 2230 1020 2317 ἐμβαίνω,
1049 2238 1144 2325 vulgo
1172 2235 1224 2319 ἐμ.

121 2353 222 2452 noina
243 2362 312 2425 sive
332 2350 469 2440 μπαίνω.
515 2357 565 2422 01.
588 2357 629 2421 ad
650 2378 733 2422 vers.
755 2357 776 2425 9
798 2370 833 2424 et
856 2343 920 2424 10.Ι
942 2411 945 2416 .

249 2482 294 2545 V.
318 2477 391 2548 iou
426 2480 601 2557 ¹Diffcrunt
629 2472 739 2540 ἀπέκει
765 2492 798 2545 ct
824 2473 943 2543 ἀπεπεῒ.
997 2478 1094 2545 Prius
1115 2493 1223 2546 sonat:

121 2615 203 2682 inm,
220 2624 339 2693 porro,
362 2599 494 2678 dehinc,
509 2598 648 2678 deinde,
661 2604 836 2697 posterius:
858 2598 949 2678 inde,
961 2598 1072 2677 istinc,
1088 2599 1224 2668 exinde.

123 2729 190 2793 Pro
226 2719 333 2787 ἆπέκει
373 2727 409 2788 in
446 2725 627 2790 Erotocrito
665 2724 785 2809 legitur
820 2715 940 2786 ciriae.
996 2723 1044 2788 01.
1081 2717 1224 2788 Carmin.

119 2850 226 2938 popul.
250 2862 325 2914 tom.
348 2848 384 2912 ΙΙ
405 2869 436 2935 p.
460 2845 525 2914 216
548 2849 596 2911 ed.
614 2845 752 2912 Fauriel.
781 2880 825 2898 -
853 2839 987 2928 ἆφῗννες,
1010 2847 1106 2912 metri
1128 2855 1237 2913 causa

119 2993 179 3061 pro
202 2958 330 3052 ἄφηκες,
353 2971 476 3053 dequo
498 2970 568 3035 dixi
591 2969 736 3035 advers.
760 2966 834 3035 136.

250 3093 293 3156 V.
320 3091 394 3157 169.
437 3078 538 3168 ἥσουν
558 3092 609 3156 vel
630 3076 710 3168 ἧσον
731 3091 763 3156 2.
779 3113 864 3181 pers.
880 3093 965 3178 sing.
987 3090 1113 3180 imperf.
1135 3094 1222 3157 verbi

121 3200 217 3294 οἶμαι,
241 3233 331 3294 erce,
353 3200 398 3289 ἧς.
437 3247 479 3259 -
515 3195 642 3284 autito}
668 3214 812 3302 explicui
832 3216 875 3280 ad
896 3236 976 3280 vers.
1000 3213 1053 3280 72.
1099 3211 1223 3279 Sensus

120 3334 216 3420 hujus
238 3347 271 3399 et
291 3335 513 3418 subsequentis
535 3356 644 3400 versus
666 3349 730 3402 est:
753 3357 820 3402 non
842 3356 915 3402 eras
936 3358 1079 3420 unquam
1093 3358 1144 3402 me
1159 3340 1222 3400 ior-

120 3459 185 3521 tior
206 3459 374 3545 aptiorque
400 3458 443 3521 ad
465 3457 582 3523 beilum
610 3471 764 3526 terrestre
789 3453 1029 3548 ¹suscipiendum
1057 3470 1090 3522 et
1116 3459 1221 3522 luctae

120 3579 263 3646 laborem
283 3581 508 3644 sustinendum
530 3594 563 3646 et
585 3583 627 3646 ad
647 3584 818 3650 victoriam
840 3603 882 3645 ex
902 3578 997 3643 hoste
1012 3577 1220 3674 referendam.

249 3700 294 3765 V.
319 3700 391 3767 170.
436 3694 598 3782 παλαίψῃς
631 3699 664 3764 i.
692 3721 776 3790 pers.
801 3703 895 3787 «sing.
926 3701 1010 3784 conj.
1036 3719 1106 3765 aor.
1134 3702 1222 3764 verbi

119 3815 283 3902 παλαίβω,
310 3845 373 3908 quo
398 3843 507 3889 sermo
532 3822 676 3908 vulgaria
708 3844 768 3913 pro
800 3825 932 3906 antiquo
958 3812 1083 3883 παλαίω
1110 3823 1219 3887 utitur.

121 3945 171 4010 01.
196 3945 397 4011 Coraem'ad
418 3929 652 4034 Ptochoprodr.
675 3945 729 4013 lib.
751 3945 769 4010 I
791 3967 871 4011 vers.
895 3944 938 4011 85
960 3967 991 4034 p.
1015 3943 1068 4012 63.
1091 3977 1136 3994 -
1157 3935 1236 4020 σὰν

119 4067 171 4132 vel
193 4057 283 4129 ὦσὰν
302 4070 591 4151 frequenter'nunc
613 4091 686 4136 cum
701 4071 883 4135 accusativo
900 4071 1104 4134 construitur.
1131 4068 1223 4135 Idam

120 4210 213 4258 casua
234 4192 321 4260 inire
342 4209 424 4258 vers.
446 4188 512 4258 284
534 4193 712 4291 particulae
734 4181 838 4275 ὥσπερ
858 4192 1055 4279 adjungito.

922 4315 944 4381 7
