<?xml version="1.0" encoding="UTF-8"?>
<!DOCTYPE html PUBLIC "-//W3C//DTD XHTML 1.0 Transitional//EN"
    "http://www.w3.org/TR/xhtml1/DTD/xhtml1-transitional.dtd">
<html xmlns="http://www.w3.org/1999/xhtml" xml:lang="en" lang="en">
 <head>
  <title>
</title>
<meta http-equiv="Content-Type" content="text/html;charset=utf-8" />
  <meta name='ocr-system' content='tesseract 3.04.00' />
  <meta name='ocr-capabilities' content='ocr_page ocr_carea ocr_par ocr_line ocrx_word'/>
</head>
<body>
  <div class='ocr_page' id='page_1' title='image "./demetriizenipar00zngoog_0223.png"; bbox 0 0 2700 4672; ppageno 0'>
   <div class='ocr_carea' id='block_1_1' title="bbox 120 248 190 319">
    <p class='ocr_par' dir='ltr' id='par_1_1' title="bbox 120 248 190 319">
     <span class='ocr_line' id='line_1_1' title="bbox 120 248 190 319; baseline -0.029 0"><span class='ocrx_word' id='word_1_1' title='bbox 120 248 190 319; x_wconf 81' lang='lat'>150</span> 
     </span>
    </p>
   </div>
   <div class='ocr_carea' id='block_1_2' title="bbox 118 434 1226 2734">
    <p class='ocr_par' dir='ltr' id='par_1_2' title="bbox 118 434 1226 2734">
     <span class='ocr_line' id='line_1_2' title="bbox 121 434 1226 523; baseline 0.001 -21"><span class='ocrx_word' id='word_1_2' title='bbox 121 434 278 519; x_wconf 56' lang='grc' dir='ltr'>ἐστάθην,</span> <span class='ocrx_word' id='word_1_3' title='bbox 307 440 341 501; x_wconf 91' lang='lat' dir='ltr'>id</span> <span class='ocrx_word' id='word_1_4' title='bbox 369 440 451 519; x_wconf 80' lang='lat' dir='ltr'>quod</span> <span class='ocrx_word' id='word_1_5' title='bbox 479 459 521 500; x_wconf 90' lang='lat' dir='ltr'>ne</span> <span class='ocrx_word' id='word_1_6' title='bbox 551 438 585 500; x_wconf 93' lang='lat' dir='ltr'>in</span> <span class='ocrx_word' id='word_1_7' title='bbox 614 435 774 498; x_wconf 81' lang='lat' dir='ltr'>ditissima</span> <span class='ocrx_word' id='word_1_8' title='bbox 798 436 923 516; x_wconf 88' lang='lat' dir='ltr'>quidem</span> <span class='ocrx_word' id='word_1_9' title='bbox 946 448 1086 499; x_wconf 83' lang='lat' dir='ltr'>veterum</span> <span class='ocrx_word' id='word_1_10' title='bbox 1108 437 1226 523; x_wconf 83' lang='lat' dir='ltr'>lingua</span> 
     </span>
     <span class='ocr_line' id='line_1_3' title="bbox 121 545 1225 645; baseline -0.004 -17"><span class='ocrx_word' id='word_1_11' title='bbox 121 564 284 629; x_wconf 88' lang='lat' dir='ltr'>commode</span> <span class='ocrx_word' id='word_1_12' title='bbox 307 561 379 623; x_wconf 89' lang='lat' dir='ltr'>fieri</span> <span class='ocrx_word' id='word_1_13' title='bbox 401 572 536 645; x_wconf 85' lang='lat' dir='ltr'>poterat.</span> <span class='ocrx_word' id='word_1_14' title='bbox 581 559 706 642; x_wconf 81' lang='lat' dir='ltr'><strong>Nempe</strong></span> <span class='ocrx_word' id='word_1_15' title='bbox 727 545 766 632; x_wconf 68' lang='grc' dir='ltr'>ἦν</span> <span class='ocrx_word' id='word_1_16' title='bbox 786 559 822 619; x_wconf 91' lang='lat' dir='ltr'>in</span> <span class='ocrx_word' id='word_1_17' title='bbox 833 561 1035 640; x_wconf 82' lang='lat' dir='ltr'>nrrtiquorum</span> <span class='ocrx_word' id='word_1_18' title='bbox 1053 560 1145 623; x_wconf 83' lang='lat' dir='ltr'>liluis</span> <span class='ocrx_word' id='word_1_19' title='bbox 1157 582 1225 625; x_wconf 92' lang='lat' dir='ltr'>non</span> 
     </span>
     <span class='ocr_line' id='line_1_4' title="bbox 121 675 1226 771; baseline -0.004 -19"><span class='ocrx_word' id='word_1_20' title='bbox 121 689 225 771; x_wconf 81' lang='lat' dir='ltr'>magis</span> <span class='ocrx_word' id='word_1_21' title='bbox 248 697 333 749; x_wconf 87' lang='lat' dir='ltr'>recte</span> <span class='ocrx_word' id='word_1_22' title='bbox 356 685 491 747; x_wconf 81' lang='lat' dir='ltr'>vertitur</span> <span class='ocrx_word' id='word_1_23' title='bbox 513 703 620 755; x_wconf 74' lang='lat' dir='ltr'>erant,</span> <span class='ocrx_word' id='word_1_24' title='bbox 642 702 736 762; x_wconf 85' lang='lat' dir='ltr'>quam</span> <span class='ocrx_word' id='word_1_25' title='bbox 749 675 822 767; x_wconf 85' lang='lat' dir='ltr'>fui·</span> <span class='ocrx_word' id='word_1_26' title='bbox 869 684 940 757; x_wconf 81' lang='lat' dir='ltr'>Quo</span> <span class='ocrx_word' id='word_1_27' title='bbox 971 683 1008 742; x_wconf 88' lang='lat' dir='ltr'>dc</span> <span class='ocrx_word' id='word_1_28' title='bbox 1031 699 1226 766; x_wconf 84' lang='lat' dir='ltr'>argumento</span> 
     </span>
     <span class='ocr_line' id='line_1_5' title="bbox 121 802 1225 889; baseline -0.003 -15"><span class='ocrx_word' id='word_1_29' title='bbox 121 813 169 875; x_wconf 87' lang='lat' dir='ltr'>sic</span> <span class='ocrx_word' id='word_1_30' title='bbox 190 810 304 872; x_wconf 76' lang='lat' dir='ltr'><strong>statuit</strong></span> <span class='ocrx_word' id='word_1_31' title='bbox 325 807 531 869; x_wconf 84' lang='lat' dir='ltr'>Hermannus</span> <span class='ocrx_word' id='word_1_32' title='bbox 553 805 660 868; x_wconf 84' lang='lat' dir='ltr'>Praef·</span> <span class='ocrx_word' id='word_1_33' title='bbox 677 804 717 865; x_wconf 87' lang='lat' dir='ltr'>ad</span> <span class='ocrx_word' id='word_1_34' title='bbox 733 802 836 888; x_wconf 84' lang='lat' dir='ltr'>Soph.</span> <span class='ocrx_word' id='word_1_35' title='bbox 851 804 932 866; x_wconf 88' lang='lat' dir='ltr'>Oed.</span> <span class='ocrx_word' id='word_1_36' title='bbox 945 805 1022 884; x_wconf 69' lang='lat' dir='ltr'>Tyr.</span> <span class='ocrx_word' id='word_1_37' title='bbox 1035 826 1065 889; x_wconf 89' lang='lat' dir='ltr'>p.</span> <span class='ocrx_word' id='word_1_38' title='bbox 1076 805 1225 871; x_wconf 77' lang='lat' dir='ltr'>XVIII-2</span> 
     </span>
     <span class='ocr_line' id='line_1_6' title="bbox 122 925 1225 1019; baseline -0.003 -23"><span class='ocrx_word' id='word_1_39' title='bbox 122 932 228 1019; x_wconf 81' lang='lat' dir='ltr'>„Ipsa</span> <span class='ocrx_word' id='word_1_40' title='bbox 248 931 334 993; x_wconf 80' lang='lat' dir='ltr'>verbi</span> <span class='ocrx_word' id='word_1_41' title='bbox 357 929 446 990; x_wconf 91' lang='lat' dir='ltr'>illius</span> <span class='ocrx_word' id='word_1_42' title='bbox 469 930 560 991; x_wconf 82' lang='lat' dir='ltr'>notio</span> <span class='ocrx_word' id='word_1_43' title='bbox 582 926 702 1008; x_wconf 82' lang='lat' dir='ltr'>aliquid</span> <span class='ocrx_word' id='word_1_44' title='bbox 726 925 925 989; x_wconf 82' lang='lat' dir='ltr'>difficultatis</span> <span class='ocrx_word' id='word_1_45' title='bbox 949 942 1043 1007; x_wconf 84' lang='lat' dir='ltr'>atque</span> <span class='ocrx_word' id='word_1_46' title='bbox 1066 932 1225 1012; x_wconf 85' lang='lat' dir='ltr'>ambigui-</span> 
     </span>
     <span class='ocr_line' id='line_1_7' title="bbox 122 1049 1226 1133; baseline 0.001 -15"><span class='ocrx_word' id='word_1_47' title='bbox 122 1056 200 1118; x_wconf 79' lang='lat' dir='ltr'>tatis</span> <span class='ocrx_word' id='word_1_48' title='bbox 223 1052 329 1131; x_wconf 81' lang='lat' dir='ltr'>lrabet,</span> <span class='ocrx_word' id='word_1_49' title='bbox 353 1072 449 1133; x_wconf 90' lang='lat' dir='ltr'>quum</span> <span class='ocrx_word' id='word_1_50' title='bbox 472 1054 541 1133; x_wconf 75' lang='lat' dir='ltr'>eJus</span> <span class='ocrx_word' id='word_1_51' title='bbox 564 1052 718 1113; x_wconf 82' lang='lat' dir='ltr'>aoristum</span> <span class='ocrx_word' id='word_1_52' title='bbox 746 1060 782 1125; x_wconf 74' lang='lat' dir='ltr'>et</span> <span class='ocrx_word' id='word_1_53' title='bbox 799 1049 1019 1133; x_wconf 89' lang='lat' dir='ltr'>imperfectum</span> <span class='ocrx_word' id='word_1_54' title='bbox 1042 1051 1226 1119; x_wconf 81' lang='lat' dir='ltr'>discernere</span> 
     </span>
     <span class='ocr_line' id='line_1_8' title="bbox 122 1170 1226 1258; baseline 0.001 -18"><span class='ocrx_word' id='word_1_55' title='bbox 122 1176 275 1240; x_wconf 83' lang='lat' dir='ltr'>volumus.</span> <span class='ocrx_word' id='word_1_56' title='bbox 321 1177 428 1250; x_wconf 81' lang='lat' dir='ltr'>Quum</span> <span class='ocrx_word' id='word_1_57' title='bbox 456 1175 543 1236; x_wconf 90' lang='lat' dir='ltr'>enim</span> <span class='ocrx_word' id='word_1_58' title='bbox 571 1193 643 1236; x_wconf 79' lang='lat' dir='ltr'>esse</span> <span class='ocrx_word' id='word_1_59' title='bbox 669 1184 788 1234; x_wconf 89' lang='lat' dir='ltr'>statum</span> <span class='ocrx_word' id='word_1_60' title='bbox 816 1170 956 1252; x_wconf 80' lang='lat' dir='ltr'>aliquem</span> <span class='ocrx_word' id='word_1_61' title='bbox 984 1188 1226 1258; x_wconf 78' lang='lat' dir='ltr'>permanentem</span> 
     </span>
     <span class='ocr_line' id='line_1_9' title="bbox 122 1293 1225 1384; baseline 0 -21"><span class='ocrx_word' id='word_1_62' title='bbox 122 1301 255 1378; x_wconf 79' lang='lat' dir='ltr'>indicet,</span> <span class='ocrx_word' id='word_1_63' title='bbox 278 1318 377 1378; x_wconf 87' lang='lat' dir='ltr'>neque</span> <span class='ocrx_word' id='word_1_64' title='bbox 399 1308 433 1359; x_wconf 90' lang='lat' dir='ltr'>et</span> <span class='ocrx_word' id='word_1_65' title='bbox 455 1297 490 1359; x_wconf 91' lang='lat' dir='ltr'>in</span> <span class='ocrx_word' id='word_1_66' title='bbox 512 1296 633 1359; x_wconf 88' lang='lat' dir='ltr'>aoristo</span> <span class='ocrx_word' id='word_1_67' title='bbox 658 1293 739 1356; x_wconf 86' lang='lat' dir='ltr'>haec</span> <span class='ocrx_word' id='word_1_68' title='bbox 760 1295 809 1356; x_wconf 85' lang='lat' dir='ltr'>vis</span> <span class='ocrx_word' id='word_1_69' title='bbox 834 1295 935 1373; x_wconf 89' lang='lat' dir='ltr'>inest,</span> <span class='ocrx_word' id='word_1_70' title='bbox 958 1298 1048 1358; x_wconf 84' lang='lat' dir='ltr'>etin</span> <span class='ocrx_word' id='word_1_71' title='bbox 1076 1299 1225 1384; x_wconf 81' lang='lat' dir='ltr'>imperfe-</span> 
     </span>
     <span class='ocr_line' id='line_1_10' title="bbox 123 1417 1226 1503; baseline 0.001 -17"><span class='ocrx_word' id='word_1_72' title='bbox 123 1434 190 1502; x_wconf 89' lang='lat' dir='ltr'>cto,</span> <span class='ocrx_word' id='word_1_73' title='bbox 219 1422 275 1488; x_wconf 86' lang='lat' dir='ltr'>sed</span> <span class='ocrx_word' id='word_1_74' title='bbox 306 1442 344 1482; x_wconf 94' lang='lat' dir='ltr'>eo</span> <span class='ocrx_word' id='word_1_75' title='bbox 374 1420 575 1497; x_wconf 81' lang='lat' dir='ltr'>discrimine,</span> <span class='ocrx_word' id='word_1_76' title='bbox 605 1417 686 1499; x_wconf 90' lang='lat' dir='ltr'>quod</span> <span class='ocrx_word' id='word_1_77' title='bbox 717 1419 753 1479; x_wconf 92' lang='lat' dir='ltr'>in</span> <span class='ocrx_word' id='word_1_78' title='bbox 774 1418 960 1501; x_wconf 86' lang='lat' dir='ltr'>imperfecto</span> <span class='ocrx_word' id='word_1_79' title='bbox 982 1419 1071 1482; x_wconf 86' lang='lat' dir='ltr'>aliud</span> <span class='ocrx_word' id='word_1_80' title='bbox 1093 1422 1226 1503; x_wconf 84' lang='lat' dir='ltr'>aliquod</span> 
     </span>
     <span class='ocr_line' id='line_1_11' title="bbox 122 1541 1226 1631; baseline 0 -22"><span class='ocrx_word' id='word_1_81' title='bbox 122 1558 247 1631; x_wconf 87' lang='lat' dir='ltr'>tempus</span> <span class='ocrx_word' id='word_1_82' title='bbox 270 1545 406 1627; x_wconf 83' lang='lat' dir='ltr'>cogitari</span> <span class='ocrx_word' id='word_1_83' title='bbox 429 1563 558 1606; x_wconf 87' lang='lat' dir='ltr'>necesse</span> <span class='ocrx_word' id='word_1_84' title='bbox 580 1553 641 1618; x_wconf 89' lang='lat' dir='ltr'>est,</span> <span class='ocrx_word' id='word_1_85' title='bbox 665 1560 725 1621; x_wconf 91' lang='lat' dir='ltr'>quo</span> <span class='ocrx_word' id='word_1_86' title='bbox 750 1541 824 1620; x_wconf 87' lang='lat' dir='ltr'>quid</span> <span class='ocrx_word' id='word_1_87' title='bbox 847 1541 952 1615; x_wconf 86' lang='lat' dir='ltr'>fuerit,</span> <span class='ocrx_word' id='word_1_88' title='bbox 975 1542 1010 1603; x_wconf 92' lang='lat' dir='ltr'>in</span> <span class='ocrx_word' id='word_1_89' title='bbox 1031 1545 1154 1608; x_wconf 87' lang='lat' dir='ltr'>aoristo</span> <span class='ocrx_word' id='word_1_90' title='bbox 1172 1567 1226 1609; x_wconf 85' lang='lat' dir='ltr'>nu·</span> 
     </span>
     <span class='ocr_line' id='line_1_12' title="bbox 122 1663 1225 1748; baseline 0 -16"><span class='ocrx_word' id='word_1_91' title='bbox 122 1681 187 1732; x_wconf 90' lang='lat' dir='ltr'>tem</span> <span class='ocrx_word' id='word_1_92' title='bbox 217 1668 348 1732; x_wconf 85' lang='lat' dir='ltr'>infinite</span> <span class='ocrx_word' id='word_1_93' title='bbox 376 1666 451 1748; x_wconf 88' lang='lat' dir='ltr'>quid</span> <span class='ocrx_word' id='word_1_94' title='bbox 479 1664 691 1746; x_wconf 78' lang='lat' dir='ltr'>intelligitur,</span> <span class='ocrx_word' id='word_1_95' title='bbox 720 1663 827 1744; x_wconf 91' lang='lat' dir='ltr'>aliquo</span> <span class='ocrx_word' id='word_1_96' title='bbox 856 1676 997 1748; x_wconf 92' lang='lat' dir='ltr'>tempore</span> <span class='ocrx_word' id='word_1_97' title='bbox 1014 1668 1085 1747; x_wconf 88' lang='lat' dir='ltr'>jam</span> <span class='ocrx_word' id='word_1_98' title='bbox 1107 1682 1225 1733; x_wconf 79' lang='lat' dir='ltr'>exacto</span> 
     </span>
     <span class='ocr_line' id='line_1_13' title="bbox 120 1785 1226 1873; baseline 0.001 -19"><span class='ocrx_word' id='word_1_99' title='bbox 120 1792 229 1855; x_wconf 82' lang='lat' dir='ltr'>fuisse.</span> <span class='ocrx_word' id='word_1_100' title='bbox 275 1793 347 1866; x_wconf 84' lang='lat' dir='ltr'>Quo</span> <span class='ocrx_word' id='word_1_101' title='bbox 369 1787 418 1868; x_wconf 84' lang='lat' dir='ltr'>fit,</span> <span class='ocrx_word' id='word_1_102' title='bbox 441 1798 477 1850; x_wconf 90' lang='lat' dir='ltr'>ut</span> <span class='ocrx_word' id='word_1_103' title='bbox 499 1808 593 1869; x_wconf 89' lang='lat' dir='ltr'>quum</span> <span class='ocrx_word' id='word_1_104' title='bbox 616 1798 857 1872; x_wconf 81' lang='lat' dir='ltr'>permanentem</span> <span class='ocrx_word' id='word_1_105' title='bbox 883 1785 976 1848; x_wconf 88' lang='lat' dir='ltr'>illum</span> <span class='ocrx_word' id='word_1_106' title='bbox 1003 1800 1140 1869; x_wconf 87' lang='lat' dir='ltr'>statum,</span> <span class='ocrx_word' id='word_1_107' title='bbox 1169 1794 1226 1873; x_wconf 88' lang='lat' dir='ltr'>qui</span> 
     </span>
     <span class='ocr_line' id='line_1_14' title="bbox 122 1908 1224 1999; baseline 0.002 -22"><span class='ocrx_word' id='word_1_108' title='bbox 122 1915 210 1977; x_wconf 85' lang='lat' dir='ltr'>verbi</span> <span class='ocrx_word' id='word_1_109' title='bbox 235 1914 367 1977; x_wconf 92' lang='lat' dir='ltr'>notione</span> <span class='ocrx_word' id='word_1_110' title='bbox 389 1912 581 1986; x_wconf 82' lang='lat' dir='ltr'>continetur,</span> <span class='ocrx_word' id='word_1_111' title='bbox 604 1931 671 1972; x_wconf 92' lang='lat' dir='ltr'>non</span> <span class='ocrx_word' id='word_1_112' title='bbox 696 1908 845 1971; x_wconf 87' lang='lat' dir='ltr'>adalind</span> <span class='ocrx_word' id='word_1_113' title='bbox 867 1913 1075 1993; x_wconf 80' lang='lat' dir='ltr'>praeteritum</span> <span class='ocrx_word' id='word_1_114' title='bbox 1097 1924 1224 1999; x_wconf 82' lang='lat' dir='ltr'>tempus</span> 
     </span>
     <span class='ocr_line' id='line_1_15' title="bbox 121 2031 1224 2120; baseline -0.005 -21"><span class='ocrx_word' id='word_1_115' title='bbox 121 2039 304 2113; x_wconf 75' lang='lat' dir='ltr'>referimus,</span> <span class='ocrx_word' id='word_1_116' title='bbox 328 2035 385 2097; x_wconf 83' lang='lat' dir='ltr'>sed</span> <span class='ocrx_word' id='word_1_117' title='bbox 406 2034 597 2120; x_wconf 85' lang='lat' dir='ltr'>simpliciter</span> <span class='ocrx_word' id='word_1_118' title='bbox 624 2031 852 2113; x_wconf 88' lang='lat' dir='ltr'>utaliquando</span> <span class='ocrx_word' id='word_1_119' title='bbox 881 2032 1008 2094; x_wconf 78' lang='lat' dir='ltr'>finitum</span> <span class='ocrx_word' id='word_1_120' title='bbox 1037 2055 1139 2115; x_wconf 89' lang='lat' dir='ltr'>neque</span> <span class='ocrx_word' id='word_1_121' title='bbox 1168 2039 1224 2100; x_wconf 82' lang='lat' dir='ltr'>ad.</span> 
     </span>
     <span class='ocr_line' id='line_1_16' title="bbox 120 2155 1224 2245; baseline 0.002 -23"><span class='ocrx_word' id='word_1_122' title='bbox 120 2158 184 2222; x_wconf 91' lang='lat' dir='ltr'>huc</span> <span class='ocrx_word' id='word_1_123' title='bbox 206 2160 373 2245; x_wconf 81' lang='lat' dir='ltr'>durantem</span> <span class='ocrx_word' id='word_1_124' title='bbox 396 2175 689 2232; x_wconf 89' lang='lat' dir='ltr'>commemoramus,</span> <span class='ocrx_word' id='word_1_125' title='bbox 712 2167 798 2216; x_wconf 83' lang='lat' dir='ltr'>recte</span> <span class='ocrx_word' id='word_1_126' title='bbox 821 2156 942 2218; x_wconf 85' lang='lat' dir='ltr'>aoristo</span> <span class='ocrx_word' id='word_1_127' title='bbox 965 2155 1122 2219; x_wconf 84' lang='lat' dir='ltr'>utamur.&#39;‘</span> <span class='ocrx_word' id='word_1_128' title='bbox 1157 2160 1224 2223; x_wconf 85' lang='lat' dir='ltr'>Ne·</span> 
     </span>
     <span class='ocr_line' id='line_1_17' title="bbox 119 2278 1222 2359; baseline 0.003 -14"><span class='ocrx_word' id='word_1_129' title='bbox 119 2281 200 2344; x_wconf 87' lang='lat' dir='ltr'>mini</span> <span class='ocrx_word' id='word_1_130' title='bbox 223 2280 353 2341; x_wconf 84' lang='lat' dir='ltr'>dubium</span> <span class='ocrx_word' id='word_1_131' title='bbox 374 2280 542 2359; x_wconf 85' lang='lat' dir='ltr'>ridebitur,</span> <span class='ocrx_word' id='word_1_132' title='bbox 565 2279 642 2359; x_wconf 88' lang='lat' dir='ltr'>quin</span> <span class='ocrx_word' id='word_1_133' title='bbox 665 2278 748 2358; x_wconf 89' lang='lat' dir='ltr'>quod</span> <span class='ocrx_word' id='word_1_134' title='bbox 769 2278 917 2341; x_wconf 84' lang='lat' dir='ltr'>universe</span> <span class='ocrx_word' id='word_1_135' title='bbox 946 2278 1142 2345; x_wconf 88' lang='lat' dir='ltr'>clarissimus</span> <span class='ocrx_word' id='word_1_136' title='bbox 1164 2283 1222 2348; x_wconf 89' lang='lat' dir='ltr'>ille</span> 
     </span>
     <span class='ocr_line' id='line_1_18' title="bbox 118 2400 1222 2488; baseline 0.004 -22"><span class='ocrx_word' id='word_1_137' title='bbox 118 2403 168 2466; x_wconf 77' lang='lat' dir='ltr'>uir</span> <span class='ocrx_word' id='word_1_138' title='bbox 190 2402 228 2463; x_wconf 95' lang='lat' dir='ltr'>de</span> <span class='ocrx_word' id='word_1_139' title='bbox 251 2404 344 2467; x_wconf 85' lang='lat' dir='ltr'>verbo</span> <span class='ocrx_word' id='word_1_140' title='bbox 366 2403 566 2466; x_wconf 83' lang='lat' dir='ltr'>substantivo</span> <span class='ocrx_word' id='word_1_141' title='bbox 589 2400 688 2478; x_wconf 84' lang='lat' dir='ltr'>dixit,</span> <span class='ocrx_word' id='word_1_142' title='bbox 717 2402 918 2464; x_wconf 87' lang='lat' dir='ltr'>verissimum</span> <span class='ocrx_word' id='word_1_143' title='bbox 947 2423 1017 2464; x_wconf 85' lang='lat' dir='ltr'>esse</span> <span class='ocrx_word' id='word_1_144' title='bbox 1044 2406 1222 2488; x_wconf 86' lang='lat' dir='ltr'>putandum</span> 
     </span>
     <span class='ocr_line' id='line_1_19' title="bbox 118 2520 1221 2612; baseline -0.003 -25"><span class='ocrx_word' id='word_1_145' title='bbox 118 2525 170 2587; x_wconf 83' lang='lat' dir='ltr'>sit.</span> <span class='ocrx_word' id='word_1_146' title='bbox 215 2521 255 2586; x_wconf 87' lang='lat' dir='ltr'>Si</span> <span class='ocrx_word' id='word_1_147' title='bbox 279 2526 378 2607; x_wconf 84' lang='lat' dir='ltr'>igitur</span> <span class='ocrx_word' id='word_1_148' title='bbox 399 2546 459 2610; x_wconf 91' lang='lat' dir='ltr'>pro</span> <span class='ocrx_word' id='word_1_149' title='bbox 483 2535 570 2586; x_wconf 89' lang='lat' dir='ltr'>certo</span> <span class='ocrx_word' id='word_1_150' title='bbox 595 2520 758 2601; x_wconf 83' lang='lat' dir='ltr'>habemus,</span> <span class='ocrx_word' id='word_1_151' title='bbox 781 2535 900 2587; x_wconf 84' lang='lat' dir='ltr'>statum</span> <span class='ocrx_word' id='word_1_152' title='bbox 915 2540 1155 2612; x_wconf 83' lang='lat' dir='ltr'>permanentem</span> <span class='ocrx_word' id='word_1_153' title='bbox 1173 2532 1221 2592; x_wconf 92' lang='lat' dir='ltr'>in.</span> 
     </span>
     <span class='ocr_line' id='line_1_20' title="bbox 118 2642 1221 2734; baseline 0.006 -26"><span class='ocrx_word' id='word_1_154' title='bbox 118 2646 222 2708; x_wconf 84' lang='lat' dir='ltr'>dicari</span> <span class='ocrx_word' id='word_1_155' title='bbox 245 2650 340 2710; x_wconf 76' lang='lat' dir='ltr'>verbo</span> <span class='ocrx_word' id='word_1_156' title='bbox 363 2667 446 2720; x_wconf 79' lang='lat' dir='ltr'>core,</span> <span class='ocrx_word' id='word_1_157' title='bbox 467 2646 600 2725; x_wconf 89' lang='lat' dir='ltr'>ideoque</span> <span class='ocrx_word' id='word_1_158' title='bbox 630 2642 715 2708; x_wconf 91' lang='lat' dir='ltr'>hauc</span> <span class='ocrx_word' id='word_1_159' title='bbox 742 2646 808 2709; x_wconf 83' lang='lat' dir='ltr'>vim</span> <span class='ocrx_word' id='word_1_160' title='bbox 835 2649 958 2734; x_wconf 86' lang='lat' dir='ltr'>pariter</span> <span class='ocrx_word' id='word_1_161' title='bbox 985 2650 1022 2710; x_wconf 93' lang='lat' dir='ltr'>in</span> <span class='ocrx_word' id='word_1_162' title='bbox 1043 2652 1165 2715; x_wconf 86' lang='lat' dir='ltr'>aoristo</span> <span class='ocrx_word' id='word_1_163' title='bbox 1188 2666 1221 2716; x_wconf 90' lang='lat' dir='ltr'>et</span> 
     </span>
    </p>
   </div>
   <div class='ocr_carea' id='block_1_3' title="bbox 117 2768 1219 2857">
    <p class='ocr_par' dir='ltr' id='par_1_3' title="bbox 117 2768 1219 2857">
     <span class='ocr_line' id='line_1_21' title="bbox 117 2768 1219 2857; baseline 0.005 -26"><span class='ocrx_word' id='word_1_164' title='bbox 117 2769 152 2831; x_wconf 93' lang='lat' dir='ltr'>in</span> <span class='ocrx_word' id='word_1_165' title='bbox 177 2769 362 2854; x_wconf 90' lang='lat' dir='ltr'>imperfecto</span> <span class='ocrx_word' id='word_1_166' title='bbox 385 2768 535 2845; x_wconf 88' lang='lat' dir='ltr'>inveniri,</span> <span class='ocrx_word' id='word_1_167' title='bbox 560 2780 668 2829; x_wconf 88' lang='lat' dir='ltr'>tamen</span> <span class='ocrx_word' id='word_1_168' title='bbox 685 2770 849 2851; x_wconf 87' lang='lat' dir='ltr'>utriusque</span> <span class='ocrx_word' id='word_1_169' title='bbox 865 2774 1018 2857; x_wconf 90' lang='lat' dir='ltr'>temporis</span> <span class='ocrx_word' id='word_1_170' title='bbox 1036 2773 1219 2856; x_wconf 87' lang='lat' dir='ltr'>discrimen,</span> 
     </span>
    </p>
   </div>
   <div class='ocr_carea' id='block_1_4' title="bbox 117 2888 1221 2982">
    <p class='ocr_par' dir='ltr' id='par_1_4' title="bbox 117 2888 1221 2982">
     <span class='ocr_line' id='line_1_22' title="bbox 117 2888 1221 2982; baseline 0.008 -29"><span class='ocrx_word' id='word_1_171' title='bbox 117 2892 199 2974; x_wconf 84' lang='lat' dir='ltr'>quod</span> <span class='ocrx_word' id='word_1_172' title='bbox 228 2892 259 2955; x_wconf 92' lang='lat' dir='ltr'>ei</span> <span class='ocrx_word' id='word_1_173' title='bbox 288 2891 408 2975; x_wconf 87' lang='lat' dir='ltr'>placet,</span> <span class='ocrx_word' id='word_1_174' title='bbox 438 2888 519 2956; x_wconf 85' lang='lat' dir='ltr'>milri</span> <span class='ocrx_word' id='word_1_175' title='bbox 548 2909 614 2951; x_wconf 91' lang='lat' dir='ltr'>non</span> <span class='ocrx_word' id='word_1_176' title='bbox 637 2893 676 2952; x_wconf 87' lang='lat' dir='ltr'>ab</span> <span class='ocrx_word' id='word_1_177' title='bbox 701 2893 789 2954; x_wconf 92' lang='lat' dir='ltr'>omni</span> <span class='ocrx_word' id='word_1_178' title='bbox 810 2908 902 2978; x_wconf 89' lang='lat' dir='ltr'>parte</span> <span class='ocrx_word' id='word_1_179' title='bbox 923 2898 1086 2982; x_wconf 82' lang='lat' dir='ltr'>probatur.</span> <span class='ocrx_word' id='word_1_180' title='bbox 1131 2898 1221 2962; x_wconf 84' lang='lat' dir='ltr'>lllilri</span> 
     </span>
    </p>
   </div>
   <div class='ocr_carea' id='block_1_5' title="bbox 5 2998 1233 4076">
    <p class='ocr_par' dir='ltr' id='par_1_5' title="bbox 5 2998 1233 4076">
     <span class='ocr_line' id='line_1_23' title="bbox 115 2998 1221 3104; baseline 0.007 -27"><span class='ocrx_word' id='word_1_181' title='bbox 115 3015 205 3093; x_wconf 89' lang='lat' dir='ltr'>enim</span> <span class='ocrx_word' id='word_1_182' title='bbox 225 3015 348 3076; x_wconf 85' lang='lat' dir='ltr'>videtur</span> <span class='ocrx_word' id='word_1_183' title='bbox 370 3014 407 3074; x_wconf 91' lang='lat' dir='ltr'>in</span> <span class='ocrx_word' id='word_1_184' title='bbox 428 2998 616 3097; x_wconf 83' lang='lat' dir='ltr'>imperfecto</span> <span class='ocrx_word' id='word_1_185' title='bbox 637 3011 732 3096; x_wconf 86' lang='lat' dir='ltr'>hujus</span> <span class='ocrx_word' id='word_1_186' title='bbox 755 3018 843 3080; x_wconf 83' lang='lat' dir='ltr'>verbi</span> <span class='ocrx_word' id='word_1_187' title='bbox 865 3018 1141 3104; x_wconf 84' lang='lat' dir='ltr'>solnm-temporis</span> <span class='ocrx_word' id='word_1_188' title='bbox 1162 3022 1221 3085; x_wconf 86' lang='lat' dir='ltr'>ali·</span> 
     </span>
     <span class='ocr_line' id='line_1_24' title="bbox 9 3134 1219 3225; baseline 0.008 -27"><span class='ocrx_word' id='word_1_189' title='bbox 9 3144 12 3149; x_wconf 75' lang='grc'><strong><em>’</em></strong></span> <span class='ocrx_word' id='word_1_190' title='bbox 115 3140 207 3218; x_wconf 85' lang='lat' dir='ltr'>cujus</span> <span class='ocrx_word' id='word_1_191' title='bbox 234 3134 340 3197; x_wconf 86' lang='lat' dir='ltr'>exacti</span> <span class='ocrx_word' id='word_1_192' title='bbox 369 3136 516 3215; x_wconf 88' lang='lat' dir='ltr'>initium,</span> <span class='ocrx_word' id='word_1_193' title='bbox 545 3136 581 3197; x_wconf 93' lang='lat' dir='ltr'>in</span> <span class='ocrx_word' id='word_1_194' title='bbox 609 3138 730 3200; x_wconf 84' lang='lat' dir='ltr'>aoristu</span> <span class='ocrx_word' id='word_1_195' title='bbox 760 3137 836 3200; x_wconf 88' lang='lat' dir='ltr'>finis</span> <span class='ocrx_word' id='word_1_196' title='bbox 865 3143 991 3225; x_wconf 88' lang='lat' dir='ltr'>respici.</span> <span class='ocrx_word' id='word_1_197' title='bbox 1050 3145 1219 3218; x_wconf 80' lang='lat' dir='ltr'>Quomodo</span> 
     </span>
     <span class='ocr_line' id='line_1_25' title="bbox 112 3256 1221 3348; baseline 0.014 -30"><span class='ocrx_word' id='word_1_198' title='bbox 112 3268 279 3343; x_wconf 82' lang='lat' dir='ltr'>praeterea</span> <span class='ocrx_word' id='word_1_199' title='bbox 307 3256 513 3322; x_wconf 85' lang='lat' dir='ltr'>Hermannus</span> <span class='ocrx_word' id='word_1_200' title='bbox 542 3259 581 3321; x_wconf 90' lang='lat' dir='ltr'>de</span> <span class='ocrx_word' id='word_1_201' title='bbox 604 3261 703 3344; x_wconf 89' lang='lat' dir='ltr'>epicis</span> <span class='ocrx_word' id='word_1_202' title='bbox 726 3260 822 3344; x_wconf 85' lang='lat' dir='ltr'>hujus</span> <span class='ocrx_word' id='word_1_203' title='bbox 844 3264 1023 3348; x_wconf 83' lang='lat' dir='ltr'>imperfecti</span> <span class='ocrx_word' id='word_1_204' title='bbox 1045 3267 1156 3331; x_wconf 89' lang='lat' dir='ltr'>formis</span> <span class='ocrx_word' id='word_1_205' title='bbox 1180 3289 1221 3333; x_wconf 88' lang='lat' dir='ltr'>ac</span> 
     </span>
     <span class='ocr_line' id='line_1_26' title="bbox 112 3367 1219 3474; baseline 0.011 -34"><span class='ocrx_word' id='word_1_206' title='bbox 112 3379 152 3441; x_wconf 90' lang='lat' dir='ltr'>de</span> <span class='ocrx_word' id='word_1_207' title='bbox 174 3377 358 3443; x_wconf 84' lang='lat' dir='ltr'>differentia</span> <span class='ocrx_word' id='word_1_208' title='bbox 379 3383 556 3445; x_wconf 85' lang='lat' dir='ltr'>formarum</span> <span class='ocrx_word' id='word_1_209' title='bbox 584 3367 658 3455; x_wconf 62' lang='lat' dir='ltr'>alet</span> <span class='ocrx_word' id='word_1_210' title='bbox 679 3367 718 3457; x_wconf 67' lang='grc' dir='ltr'>ἦν</span> <span class='ocrx_word' id='word_1_211' title='bbox 745 3384 828 3469; x_wconf 89' lang='lat' dir='ltr'>apud</span> <span class='ocrx_word' id='word_1_212' title='bbox 857 3384 988 3447; x_wconf 86' lang='lat' dir='ltr'>Atticos</span> <span class='ocrx_word' id='word_1_213' title='bbox 1011 3387 1219 3474; x_wconf 81' lang='lat' dir='ltr'>judicaverit,</span> 
     </span>
     <span class='ocr_line' id='line_1_27' title="bbox 23 3487 1220 3592; baseline 0.011 -29"><span class='ocrx_word' id='word_1_214' title='bbox 23 3578 28 3584; x_wconf 13' lang='grc' dir='ltr'><strong>ἱ</strong></span> <span class='ocrx_word' id='word_1_215' title='bbox 111 3501 207 3564; x_wconf 87' lang='lat' dir='ltr'>velim</span> <span class='ocrx_word' id='word_1_216' title='bbox 229 3524 271 3567; x_wconf 85' lang='lat' dir='ltr'>ex</span> <span class='ocrx_word' id='word_1_217' title='bbox 293 3504 364 3590; x_wconf 92' lang='lat' dir='ltr'>ipso</span> <span class='ocrx_word' id='word_1_218' title='bbox 381 3518 602 3586; x_wconf 85' lang='lat' dir='ltr'>cognoscatur.</span> <span class='ocrx_word' id='word_1_219' title='bbox 647 3505 685 3567; x_wconf 92' lang='lat' dir='ltr'>ld</span> <span class='ocrx_word' id='word_1_220' title='bbox 699 3506 918 3567; x_wconf 85' lang='lat' dir='ltr'>tantummodo</span> <span class='ocrx_word' id='word_1_221' title='bbox 936 3487 1091 3588; x_wconf 73' lang='lat' dir='ltr'>addimus,</span> <span class='ocrx_word' id='word_1_222' title='bbox 1108 3531 1220 3592; x_wconf 81' lang='lat' dir='ltr'>quam.</span> 
     </span>
     <span class='ocr_line' id='line_1_28' title="bbox 111 3612 1233 3718; baseline 0.014 -32"><span class='ocrx_word' id='word_1_223' title='bbox 111 3625 159 3686; x_wconf 83' lang='lat' dir='ltr'>vir</span> <span class='ocrx_word' id='word_1_224' title='bbox 182 3626 217 3686; x_wconf 93' lang='lat' dir='ltr'>in</span> <span class='ocrx_word' id='word_1_225' title='bbox 240 3624 292 3687; x_wconf 85' lang='lat' dir='ltr'>his</span> <span class='ocrx_word' id='word_1_226' title='bbox 314 3626 425 3688; x_wconf 90' lang='lat' dir='ltr'>formis</span> <span class='ocrx_word' id='word_1_227' title='bbox 448 3628 527 3708; x_wconf 89' lang='lat' dir='ltr'>sint,</span> <span class='ocrx_word' id='word_1_228' title='bbox 550 3646 629 3709; x_wconf 81' lang='lat' dir='ltr'>quas</span> <span class='ocrx_word' id='word_1_229' title='bbox 650 3626 767 3688; x_wconf 78' lang='lat' dir='ltr'>coristi</span> <span class='ocrx_word' id='word_1_230' title='bbox 788 3628 896 3713; x_wconf 88' lang='lat' dir='ltr'>potius</span> <span class='ocrx_word' id='word_1_231' title='bbox 919 3649 1013 3710; x_wconf 89' lang='lat' dir='ltr'>quam</span> <span class='ocrx_word' id='word_1_232' title='bbox 1037 3612 1233 3718; x_wconf 79' lang='lat' dir='ltr'>imperfecti</span> 
     </span>
     <span class='ocr_line' id='line_1_29' title="bbox 110 3747 1216 3839; baseline 0.008 -31"><span class='ocrx_word' id='word_1_233' title='bbox 110 3768 180 3809; x_wconf 89' lang='lat' dir='ltr'>esse</span> <span class='ocrx_word' id='word_1_234' title='bbox 202 3749 301 3826; x_wconf 88' lang='lat' dir='ltr'>dicas,</span> <span class='ocrx_word' id='word_1_235' title='bbox 332 3761 441 3812; x_wconf 88' lang='lat' dir='ltr'>tamen</span> <span class='ocrx_word' id='word_1_236' title='bbox 468 3749 654 3835; x_wconf 88' lang='lat' dir='ltr'>plerumque</span> <span class='ocrx_word' id='word_1_237' title='bbox 683 3747 825 3821; x_wconf 86' lang='lat' dir='ltr'>Graecos</span> <span class='ocrx_word' id='word_1_238' title='bbox 853 3765 1020 3834; x_wconf 87' lang='lat' dir='ltr'>utramque</span> <span class='ocrx_word' id='word_1_239' title='bbox 1048 3757 1216 3839; x_wconf 87' lang='lat' dir='ltr'>significa.</span> 
     </span>
     <span class='ocr_line' id='line_1_30' title="bbox 5 3862 1216 3956; baseline 0.015 -30"><span class='ocrx_word' id='word_1_240' title='bbox 5 3863 7 3867; x_wconf 71' lang='grc'>’</span> <span class='ocrx_word' id='word_1_241' title='bbox 109 3869 230 3931; x_wconf 89' lang='lat' dir='ltr'>tionem</span> <span class='ocrx_word' id='word_1_242' title='bbox 251 3871 299 3933; x_wconf 92' lang='lat' dir='ltr'>sic</span> <span class='ocrx_word' id='word_1_243' title='bbox 323 3873 538 3956; x_wconf 84' lang='lat' dir='ltr'>conjunxisse,</span> <span class='ocrx_word' id='word_1_244' title='bbox 552 3872 597 3933; x_wconf 90' lang='lat' dir='ltr'>&#39;ut</span> <span class='ocrx_word' id='word_1_245' title='bbox 618 3872 739 3935; x_wconf 81' lang='lat' dir='ltr'>aoristo</span> <span class='ocrx_word' id='word_1_246' title='bbox 762 3877 891 3938; x_wconf 86' lang='lat' dir='ltr'>verbum</span> <span class='ocrx_word' id='word_1_247' title='bbox 914 3862 995 3935; x_wconf 76' lang='grc' dir='ltr'><strong><em>εἶναι</em></strong></span> <span class='ocrx_word' id='word_1_248' title='bbox 1011 3900 1119 3943; x_wconf 86' lang='lat' dir='ltr'>carere</span> <span class='ocrx_word' id='word_1_249' title='bbox 1135 3885 1216 3949; x_wconf 87' lang='lat' dir='ltr'>mul.</span> 
     </span>
     <span class='ocr_line' id='line_1_31' title="bbox 108 3989 1215 4076; baseline 0.022 -28"><span class='ocrx_word' id='word_1_250' title='bbox 108 3989 151 4050; x_wconf 90' lang='lat' dir='ltr'>tis</span> <span class='ocrx_word' id='word_1_251' title='bbox 166 3990 454 4057; x_wconf 84' lang='lat' dir='ltr'>Grammaticorum</span> <span class='ocrx_word' id='word_1_252' title='bbox 460 3996 536 4076; x_wconf 90' lang='lat' dir='ltr'>jure</span> <span class='ocrx_word' id='word_1_253' title='bbox 547 3995 717 4057; x_wconf 86' lang='lat' dir='ltr'>videretur.</span> <span class='ocrx_word' id='word_1_254' title='bbox 748 3997 840 4073; x_wconf 82' lang='lat' dir='ltr'>Quae</span> <span class='ocrx_word' id='word_1_255' title='bbox 851 4003 1015 4066; x_wconf 83' lang='lat' dir='ltr'>sententie</span> <span class='ocrx_word' id='word_1_256' title='bbox 1028 4002 1077 4066; x_wconf 89' lang='lat' dir='ltr'>vel</span> <span class='ocrx_word' id='word_1_257' title='bbox 1090 4025 1162 4069; x_wconf 85' lang='lat' dir='ltr'>earn</span> <span class='ocrx_word' id='word_1_258' title='bbox 1173 4010 1215 4072; x_wconf 90' lang='lat' dir='ltr'>ob</span> 
     </span>
    </p>
   </div>
   <div class='ocr_carea' id='block_1_6' title="bbox 19 4109 1215 4352">
    <p class='ocr_par' dir='ltr' id='par_1_6' title="bbox 19 4109 1215 4352">
     <span class='ocr_line' id='line_1_32' title="bbox 19 4109 1215 4352; baseline 0.017 -183"><span class='ocrx_word' id='word_1_259' title='bbox 19 4136 58 4352; x_wconf 46' lang='grc' dir='ltr'>ἱ</span> <span class='ocrx_word' id='word_1_260' title='bbox 105 4129 235 4177; x_wconf 87' lang='lat' dir='ltr'>eausam</span> <span class='ocrx_word' id='word_1_261' title='bbox 257 4137 333 4180; x_wconf 85' lang='lat' dir='ltr'>vera</span> <span class='ocrx_word' id='word_1_262' title='bbox 355 4127 414 4196; x_wconf 91' lang='lat' dir='ltr'>est,</span> <span class='ocrx_word' id='word_1_263' title='bbox 438 4117 519 4197; x_wconf 90' lang='lat' dir='ltr'>quod</span> <span class='ocrx_word' id='word_1_264' title='bbox 543 4119 598 4200; x_wconf 93' lang='lat' dir='ltr'>qui</span> <span class='ocrx_word' id='word_1_265' title='bbox 621 4109 775 4201; x_wconf 73' lang='grc' dir='ltr'>ἐγενόμην</span> <span class='ocrx_word' id='word_1_266' title='bbox 797 4141 858 4209; x_wconf 90' lang='lat' dir='ltr'>pro</span> <span class='ocrx_word' id='word_1_267' title='bbox 880 4125 1002 4190; x_wconf 87' lang='lat' dir='ltr'>aoristo</span> <span class='ocrx_word' id='word_1_268' title='bbox 1026 4115 1113 4191; x_wconf 86' lang='lat' dir='ltr'>verbi</span> <span class='ocrx_word' id='word_1_269' title='bbox 1133 4115 1215 4191; x_wconf 78' lang='grc' dir='ltr'><strong><em>εἶναι</em></strong></span> 
     </span>
    </p>
   </div>
   <div class='ocr_carea' id='block_1_7' title="bbox 0 0 1354 4672">
    <p class='ocr_par' dir='ltr' id='par_1_7' title="bbox 0 0 1354 4672">
     <span class='ocr_line' id='line_1_33' title="bbox 0 0 1354 4672; baseline 0 2"><span class='ocrx_word' id='word_1_270' title='bbox 0 0 1354 4672; x_wconf 95' lang='lat' dir='ltr'> </span> 
     </span>
    </p>
   </div>
  </div>
 </body>
</html>
