2700 4672
379 1156 918 1338 Paraph'rasis'
989 1231 992 1236 ·

267 1401 992 1537 Batra'chomyomachia‘e.

85 1757 279 1891 Antequam
300 1810 465 1898 incipiam,
487 1832 602 1898 precor
623 1834 782 1880 summum
805 1815 925 1894 Iovem,

80 1952 116 2006 ut
137 1940 219 2005 mihi
241 1943 350 2007 mittat
371 1944 547 2028 adjutrices
569 1948 611 2011 ad
632 1945 719 2012 hanc
740 1946 910 2011 historiam

80 2074 204 2154 Musas,
226 2093 306 2154 quae
328 2072 478 2139 habitant
499 2078 541 2140 in·
558 2090 666 2143 monte
688 2078 857 2157 Helicone,

79 2216 249 2291 propterea
271 2204 353 2286 quod
375 2226 436 2288 ego
458 2200 531 2271 non‘
548 2230 679 2294 possum
700 2229 868 2273 recensere
890 2208 978 2270 selus

78 2355 221 2421 pugnam
243 2335 459 2399 turbulentam
480 2339 574 2401 sortis
595 2339 725 2418 Martis,

80 2467 134 2547 qui
156 2467 233 2530 deus
255 2476 402 2530 censetur
423 2478 456 2529 et
478 2468 605 2532 divinus
620 2470 760 2552 juvenis.

80 2598 202 2661 Omnes
223 2598 360 2684 proinde
381 2617 461 2679 rogo
484 2599 552 2676 (ita
573 2597 720 2661 habeatis
742 2599 915 2661 sanitatem
937 2594 1091 2674 uestram)

80 2729 203 2794 Animo
224 2731 322 2814 probe
344 2738 380 2792 ut
401 2729 572 2809 mandetis,
594 2741 630 2792 ut
651 2728 806 2816 aperiatis
828 2747 922 2791 aures
944 2735 1078 2805 vestras,

81 2871 117 2921 ut
138 2859 287 2940 audiatis,
310 2862 350 2923 ob
372 2880 466 2942 quam
489 2880 619 2925 causam
641 2881 748 2924 mures
770 2859 905 2923 fecerint

81 2991 171 3053 ranis
192 3009 333 3075 pugnam
354 3011 518 3074 magnam,
541 3005 574 3056 et
595 2992 631 3055 in
653 2992 772 3055 bellum
794 2989 934 3072 ingressi
955 2987 1038 3074 sint3

84 3131 118 3182 et
139 3118 287 3182 homines
308 3120 428 3184 imitati
449 3123 526 3200 sint,
549 3125 672 3207 priscos
694 3122 770 3185 illos
792 3123 892 3198 vires,

84 3250 188 3328 (sicut
208 3249 243 3311 id
264 3248 375 3313 dieunt
396 3262 429 3313 et
451 3252 597 3332 canitur)
619 3218 836 3316 formidabiles
848 3250 932 3313 illes
954 3249 1112 3332 gigantes.

85 3381 232 3457 Quodam
255 3390 396 3467 tempore
418 3360 488 3444 inus
510 3383 669 3446 inventus.
682 3396 732 3447 est
752 3384 868 3447 sudore
889 3382 1002 3458 fluens,

85 3535 122 3574 ec
145 3513 228 3592 qued
250 3512 344 3576 felem
365 3516 507 3597 iugerat3
531 3526 563 3577 et
586 3526 656 3577 crat
677 3515 867 3577 sitibundus.

85 3644 192 3723 Atque
214 3644 256 3705 ad
277 3643 425 3728 paludem
447 3644 623 3721 descendit,
645 3644 734 3706 sitim
756 3660 847 3703 suam
868 3650 905 3702 ut
926 3635 1114 3722 depelleret,

85 3785 118 3837 et
139 3784 282 3836 mentum
303 3776 422 3857 rigavit
444 3774 617 3859 eupiditate
640 3791 767 3856 magna.

86 3904 186 3966 Rana
208 3923 279 3963 eum
301 3904 493 3986 interrogat:
520 3903 637 3989 haspas
659 3905 714 3980 mi,
739 3903 808 3982 quis
832 3901 886 3962 est
999 3897 1001 3901 ’

88 4033 182 4096 Unde
204 4033 321 4095 venisti
343 4031 424 4093 huet
468 4033 597 4096 Mecum
619 4034 795 4097 amicitiam
817 4033 876 4093 sac.

89 4163 154 4226 Die
175 4162 257 4226 mihi
279 4164 459 4227 veritatem:
482 4164 537 4242 qui
558 4167 634 4226 uuirt
655 4172 805 4249 parentes
829 4160 898 4225 tuit

91 4293 180 4358 Neve
202 4314 253 4358 me
275 4295 345 4361 cela
366 4294 533 4378 quiequam
555 4315 665 4361 eorum
687 4315 767 4376 quae
790 4291 935 4359 fecerunt
955 4289 1011 4352 tui.
