2700 4672
116 217 186 287 152

120 415 209 505 plum
231 436 273 479 ex
294 416 363 495 ejus
384 410 516 498 scriptis
538 408 709 499 proferam,
733 414 769 475 in
785 414 917 493 Προλεγ.
940 406 983 480 εἰς
1006 407 1124 470 ’Aram
1146 417 1226 489 Τομ.

122 532 149 599 δ’
173 541 238 599 oei..
262 530 283 595 ε’
308 555 385 616 cept.
408 534 438 597 2.
463 524 539 609 εἶχα
558 528 726 616 propinem
751 555 812 620 pro
834 535 961 617 vulgari
983 521 1058 606 εἷχα
1079 524 1228 614 γνωρίσει

121 663 263 748 scripsit,
285 662 321 723 in
346 679 419 740 quo,
442 671 478 720 ut
499 659 617 722 leniter
633 660 794 742 judicem,
816 658 866 721 vir
888 657 1081 719 immortalis
1109 676 1130 717 a
1152 676 1228 718 vero

124 785 294 848 aberravit.
338 783 424 843 Nam
446 783 599 867 proiecto,
622 784 651 844 si
666 782 1008 868 plusquamperfectum
1024 781 1230 859 antiquorum

125 908 161 971 in
184 909 365 971 citeriorem
387 907 596 987 graecitatem
621 904 878 967 transferendum
899 916 959 983 est,
982 903 1163 969 infinitivus
1185 903 1232 963 iu-

126 1032 192 1094 turi
213 1040 287 1115 post
308 1015 383 1101 εἷχα
405 1029 453 1090 ita
475 1028 600 1091 alienus
623 1048 643 1091 a
665 1029 827 1091 sententia
849 1038 909 1106 est,
932 1037 968 1089 ut
982 1027 1018 1089 in
1032 1024 1232 1089 soloecismis

127 1152 344 1221 numerandus
367 1153 420 1213 sit.
466 1152 589 1227 Quodsi
612 1153 683 1233 quis
705 1152 741 1214 in
762 1151 879 1229 verbis,
902 1147 1088 1230 quaeregio
1110 1160 1233 1227 carent,

129 1275 217 1338 velut
237 1265 393 1353 λαμβάνω
415 1294 476 1358 pro
498 1261 574 1346 εἷχα
595 1266 686 1352 aare
707 1292 865 1359 ceperum
894 1273 1003 1334 addito
1030 1293 1051 1330 ν
1078 1259 1155 1344 eiga
1181 1260 1246 1330 ixl:

130 1405 199 1476 βειν
226 1398 341 1476 utitur,
371 1416 474 1478 neque
501 1398 652 1478 antiquae
674 1416 775 1478 neque
797 1397 987 1459 recentioris
1008 1395 1140 1478 linguae
1155 1394 1236 1477 legi·

93 1544 97 1552 ’
130 1522 189 1583 bus
212 1521 448 1583 accommodate
469 1520 620 1602 loquitur,
643 1541 736 1601 quarn
752 1522 894 1604 ineptam
909 1520 1061 1601 loquendi
1076 1520 1236 1581 rationem

132 1644 214 1705 mire
237 1663 322 1704 nunc
345 1645 531 1724 quibusdam
554 1643 680 1730 placere
703 1643 826 1706 affatim
848 1656 960 1706 notum
982 1654 1039 1705 est.
1082 1640 1155 1706 Alii
1176 1643 1237 1724 igi-

133 1777 186 1828 tur
223 1778 358 1828 accentu
391 1769 427 1829 in
467 1765 614 1830 ultimam
646 1771 791 1850 conjecto
836 1753 911 1838 εἶχα
943 1766 1053 1844 λαβεῖν
1082 1766 1237 1845 scribunt,

136 1890 217 1970 quod
240 1890 300 1952 etsi
324 1891 515 1953 adsensum
538 1902 625 1953 recte
647 1911 683 1952 se
705 1889 818 1967 habet,
842 1902 950 1953 tamen
971 1890 1113 1951 nondum
1136 1890 1239 1953 omni-

135 2014 194 2076 bus
216 2015 378 2097 probatur,
403 2017 477 2095 quia
499 2016 538 2075 oh
551 2013 770 2088 ,insolentiam
792 2014 919 2090 dicendi
941 2013 1168 2078 consuetudini
1189 2032 1239 2075 re-

135 2148 268 2221 pugnat,
291 2157 393 2217 neque
415 2156 435 2199 a
457 2135 548 2222 plebe
570 2136 773 2220 intelligitur.
818 2137 963 2200 Duorum
985 2147 1111 2198 tantum
1131 2138 1240 2199 verbu

137 2276 209 2319 rum
230 2258 539 2345 plusquamperfecto
561 2273 646 2338 sunt,
670 2280 751 2342 quae
763 2259 878 2323 Corsis
901 2259 1048 2344 opinioni
1069 2258 1242 2340 suffragari

132 2364 319 2461 rideantur,
344 2369 419 2454 εἷχα
433 2377 509 2444 ,ἱδεῖ
527 2396 559 2444 et
585 2370 660 2454 εἷχα
686 2378 778 2458 rioci,
806 2383 918 2464 quibus
946 2383 976 2443 si
1004 2382 1193 2464 adjungitur
1213 2403 1242 2458 ν,

139 2505 298 2567 exsistunt
326 2517 448 2567 veteres
475 2505 629 2569 infinitivi
657 2503 734 2567 ἰδεῖν
761 2518 794 2568 et
820 2501 923 2567 εἰπεῖν.
968 2505 1016 2568 At
1034 2524 1108 2566 vero
1132 2507 1168 2566 in
1191 2503 1243 2566 lris

74 2674 81 2682 .
141 2639 251 2691 contra
274 2629 390 2693 veteris
413 2627 544 2710 linguae
567 2629 751 2713 analogiam
774 2631 815 2691 ab
831 2629 996 2691 interioris
1012 2629 1127 2690 aetatis
1144 2627 1243 2690 Grac·

140 2747 187 2811 cis
217 2751 411 2833 conjunctivi
440 2754 554 2815 aoristi
585 2764 733 2815 accentus
761 2773 802 2814 ex
824 2751 1001 2837 penultima
1031 2753 1073 2817 in·
1096 2751 1244 2813 ultimam

140 2871 296 2953 syllabam
326 2878 540 2959 transpositus
568 2888 626 2938 est.
678 2877 770 2950 Quae
798 2875 827 2936 si
854 2876 1021 2937 nobiscum
1049 2886 1244 2959 reputamus,

142 2995 271 3057 evidens
294 2996 419 3059 videtur
440 2990 541 3076 aaran,
563 2988 709 3078 γνωρίσει
732 3011 765 3060 ct
788 2993 850 3056 ἱδεῖ
868 2997 952 3060 nihil
974 3018 1059 3077 esse,
1082 2999 1148 3059 nisi
1171 3018 1245 3059 con-

136 3118 315 3200 junctivum
339 3123 452 3185 aoristi
474 3133 568 3200 atque
596 3142 666 3182 cam
691 3124 729 3184 ob
753 3142 820 3184 rem
843 3122 1041 3184 emendatius
1069 3122 1246 3204 scripturos

143 3261 213 3302 esse
236 3241 387 3319 Graecos,
409 3246 439 3306 si
460 3264 519 3329 pro
543 3243 595 3306 his
618 3257 811 3330 usurparent
834 3231 909 3316 εἶχα
936 3235 1036 3322 λάβῃ,
1064 3229 1139 3314 alga
1165 3263 1247 3321 yvo-

144 3353 231 3444 ρίσῃ,
254 3352 329 3439 eiga
351 3363 417 3444 ἰδῇ.
462 3367 537 3430 Jam
560 3389 633 3430 vero
663 3369 822 3449 originem
851 3365 965 3428 irarum
995 3363 1249 3428 circumlocutio-

144 3507 218 3550 nem
240 3490 472 3575 pervestiganti
493 3491 588 3555 facile
606 3500 755 3574 apparet,
778 3489 862 3567 qnod
883 3506 1052 3572 perperam
1073 3483 1169 3567 vulgo
1193 3509 1249 3550 cx-

144 3624 256 3674 aratur
276 3608 427 3692 γραφῇῆ,
449 3606 628 3694 percucurri,
656 3607 800 3685 arvaqtrri
822 3632 864 3673 ex
886 3611 985 3673 activi
1007 3606 1160 3692 analogia
1181 3629 1249 3672 non

145 3756 214 3796 esso
238 3714 449 3815 Insnritivum,
471 3737 526 3798 sed
544 3735 789 3819 Conjunctivum
813 3735 926 3797 aoristi
947 3735 1068 3820 paesici
1082 3744 1187 3813 atquc
1202 3733 1249 3796 id-

146 3858 231 3918 circo
261 3861 379 3922 rectius
407 3858 611 3921 scribendum
639 3880 709 3922 esso
738 3854 888 3938 γραφὲῇ.
943 3857 1046 3939 Atqui
1069 3857 1162 3918 olicat
1191 3856 1250 3919 ali-

146 3980 226 4060 quis‚
249 3982 443 4045 sententiam
466 3979 521 4044 lrio
542 4001 608 4044 non
633 3981 890 4066 conjunctivum,
911 3981 969 4043 sed
984 3979 1185 4043 Infinitivum
1201 3998 1251 4041 re„

147 4105 280 4184 quirere.
315 4104 431 4169 Audio.
456 4104 580 4170 Verum
592 4107 791 4169 recentiores
808 4105 974 4169 Infinitivo
989 4104 1103 4183 orbati,
1116 4120 1251 4183 eumque
