2700 4672
19 4272 48 4391 1

91 211 158 284 133

222 402 266 467 V.
289 399 366 468 353.
409 398 529 481 μπῆκε,
556 418 615 486 pro
644 417 706 480 quo
733 406 768 461 et
794 391 912 478 ε’μπῗρεο
939 407 972 459 ct
994 390 1112 478 ε’μβῆκε
1133 398 1201 463 dici
1227 461 1230 465 ,

92 539 231 617 poterat,
254 545 322 591 aer.
343 525 432 589 uerbi
455 499 611 603 ἐμβαῖνω,
633 520 728 605 vulgo
751 511 891 599 ε’μπαίνω
912 521 981 584 sive
1001 511 1136 600 μεταίνω.
1160 523 1201 584 ci.

94 654 136 718 ad
159 671 238 716 νοτε,
264 645 337 712 111.
368 681 410 692 -
437 634 534 724 χωρὶς
554 631 668 722 fieriu?
693 644 715 707 i.
738 664 767 706 e.
789 632 917 723 τήρησιν
936 641 1009 709 sine
1030 640 1201 723 coertione,

95 794 176 858 quae
198 769 367 834 deterioris
390 767 577 852 graecitatis
598 764 796 850 significatio
818 777 878 829 est.

227 892 269 958 V.
292 890 368 956 353.
415 881 542 963 ε’πίτυχε
563 889 585 952 i.
609 911 628 953 ο
651 882 791 963 ε’πέτυχε.
814 922 858 935 -
884 886 937 954 Dc
958 880 1045 968 μέσα
1066 881 1110 957 εἷς
1131 886 1203 951 dixi

96 1017 242 1084 advers.
265 1012 319 1079 73.

226 1136 269 1199 V.
291 1131 367 1201 351.
411 1134 464 1198 De
477 1155 562 1198 uoce
584 1125 701 1213 ὄμπρός
725 1132 887 1220 disputavi
913 1133 1059 1198 advers.
1081 1128 1135 1195 21.
1159 1167 1203 1179 —

97 1250 301 1339 ἐξαπλώθηκε
323 1256 464 1344 explicui
486 1276 567 1321 vers.
594 1253 667 1321 178.
695 1290 739 1303 ·-
768 1243 869 1347 Qec
891 1256 966 1338 quid
987 1266 1099 1319 nostro
1122 1266 1202 1318 tcm-

96 1403 176 1470 pore
198 1383 282 1469 apud
305 1382 446 1444 Graecos
468 1380 585 1459 valeat,
608 1379 678 1442 dixi
699 1399 782 1443 νοτε.
808 1377 880 1444 116.
904 1414 947 1426 -
968 1370 1084 1437 >totilae
1105 1379 1203 1442 metri

97 1507 204 1589 gratia
225 1525 284 1591 pro
306 1492 429 1563 λαλιάν.
447 1572 458 1583 ,

228 1625 273 1689 V.
295 1624 371 1691 356.
407 1615 1204 1704 mrapcvrvpce'vovi.e.marrpovtvpte'vovomissa

96 1748 360 1837 reduplicatum,
382 1757 419 1810 ut
440 1746 546 1809 solent
568 1748 773 1810 recentiores.

232 1869 274 1930 V.
297 1866 374 1934 357.
419 1861 499 1926 ὁποῢ
518 1860 597 1929 ’τονε
619 1890 678 1958 pro
693 1862 772 1928 ἅποῢ
786 1853 883 1954 ἤνοιξε.
896 1902 939 1914 -
953 1862 1091 1951 μακρέα,
1102 1869 1200 1954 vulgo

97 2010 185 2055 nunc
206 1978 347 2070 μακρειά
367 2002 516 2055 neutrum
539 1992 583 2078 pl.
606 1993 755 2075 adjectivi
768 1979 903 2072 μακρῦς,
917 1980 1065 2071 μακρειά,
1079 1981 1200 2073 precepti,

98 2113 182 2195 quod
203 2123 313 2176 tamen
334 2114 437 2178 vicem
454 2115 597 2178 adverbii
611 2102 743 2195 μακράν
758 2104 811 2177 hic
827 2115 941 2201 explet.
959 2115 1123 2200 Adjectivi
1137 2137 1202 2196 μα.

97 2221 175 2314 κρῦς
196 2234 350 2321 exempla*
367 2257 409 2299 cx
430 2237 554 2301 mediae
584 2238 701 2302 aetatis
727 2237 937 2323 scriptoribus
965 2233 1099 2302 collecta
1127 2239 1200 2302 vide

97 2375 150 2443 ap.
171 2355 319 2442 Ducang.
343 2357 382 2422 Τ.
405 2359 422 2422 Ι
443 2382 475 2445 p.
499 2358 574 2424 855.

229 2476 272 2542 V.
295 2479 371 2546 358.
416 2478 499 2541 δῶσε
518 2482 636 2545 omisso
650 2494 822 2565 augmento
833 2503 892 2569 pro
909 2470 1008 2543 ἕδωσε
1017 2483 1040 2546 1.
1052 2505 1081 2546 e.
1093 2470 1202 2545 ἔδωκε.

97 2596 175 2665 Vid.
197 2600 272 2665 adn.
296 2604 338 2668 ad
360 2624 441 2668 νοτε.
463 2601 540 2668 338.
564 2638 608 2650 -
628 2597 795 2684 κονταρέα,
817 2605 913 2690 vulgo
935 2595 1085 2686 κονταριά
1098 2619 1134 2669 ut
1153 2609 1209 2672 vi:

98 2722 203 2787 dimus
225 2745 306 2789 vers.
330 2724 406 2792 338.
451 2726 587 2811 Legitur
601 2719 757 2807 κονταρέα
771 2730 857 2815 apud
875 2728 1062 2816 Theophau.
1077 2750 1130 2792 un.
1146 2731 1198 2795 17.

96 2843 242 2911 Heraclii
265 2836 432 2929 ε’πληγῶξτη
454 2837 515 2908 ὑπὸ
537 2845 600 2907 τῶν
620 2844 720 2921 πεζῶν
742 2843 759 2912 ὁ
781 2845 937 2931 βασιλέως
958 2842 1045 2923 ἵππος
1153 2849 1199 2923 εἰς

96 2961 151 3028 τὸν
170 2956 271 3048 μηρὸν
290 2959 390 3028 αὐτοῦ
410 2960 519 3048 λαβὼν
539 2963 722 3052 εωυπαρέαν.
749 2960 751 2963 ¹

227 3087 272 3151 V.
294 3087 370 3153 359·
414 3079 489 3150 πάλι
511 3113 570 3180 pro
592 3081 697 3173 πάλιν,
714 3108 750 3161 ut
763 3117 843 3162 vers.
860 3093 913 3161 21.
935 3131 979 3144 —
1001 3083 1198 3179 ἕμετάδραμε

97 3210 120 3273 i.
142 3230 171 3310 e.
192 3203 375 3291 μετέδραμε.
395 3245 440 3259 -
462 3203 547 3275 atvs.
569 3213 714 3284 invadit.
759 3219 811 3284 De
839 3218 901 3284 hoc
928 3222 1023 3287 verbo
1050 3220 1197 3336 pluribps

95 3331 232 3395 disserui
254 3332 296 3396 ad
318 3353 399 3399 vers.
423 3334 477 3402 92.
1084 3320 1088 3330 ⁸

226 3451 270 3516 V.
293 3453 371 3522 360.
415 3451 485 3519 τουὲ
506 3461 683 3544 vulgariter
702 3474 763 3546 pro
785 3477 839 3520 roc
859 3462 882 3524 i.
898 3482 926 3525 ο.
949 3451 1055 3538 αὐτόν,
1076 3473 1112 3525 ut
1122 3465 1198 3546 jam

93 3574 230 3640 vidimus
252 3597 332 3642 vers·
359 3578 431 3644 162.
456 3615 499 3628 ·-
526 3571 653 3657 λαβόνει
680 3577 855 3659 uulnerat,
881 3603 1034 3670 praeseus
1062 3582 1195 3653 histori-

94 3717 174 3760 cum.
218 3697 269 3761 Dc
292 3698 354 3765 hac
375 3723 458 3790 voce
474 3700 545 3765 vide
568 3702 734 3767 observata
756 3705 899 3770 advers.
923 3705 997 3772 330.

225 3818 267 3885 V.
282 3820 366 3887 361.
410 3812 529 3904 γυρίζει
550 3822 717 3889 convertit
739 3847 782 3890 se.
829 3828 878 3891 Cf.
902 3832 943 3895 ad
965 3850 1046 3895 vers.
1064 3828 1194 3896 119.-

92 3928 297 4023 Κοστόφαγος
325 3943 420 4008 metri
443 3963 540 4006 causa
561 3966 621 4030 pro
642 3939 858 4031 Κοστοφάγος.

223 4065 266 4132 V.
290 4062 365 4130 362.
410 4052 519 4158 iaces,
541 4080 696 4156 utsupra
718 4072 898 4140 νοτε.’338.
927 4075 1064 4141 Videtur
1084 4078 1193 4164 prima

89 4186 194 4269 specie
212 4186 374 4274 eliipticus
389 4189 540 4272 loquendi
556 4194 667 4260 modus
681 4217 741 4283 pro
759 4183 856 4258 ἕδωσε
877 4189 1006 4282 πληγήν.
1028 4197 1095 4265 Sed
1108 4198 1191 4267 hacc
