2700 4672
1076 268 1159 319 xum

57 457 129 533 que
154 458 173 504 a
199 428 347 505 Graecis
372 455 490 530 neque
516 428 559 502 ab
578 428 783 531 alienigenis
807 433 852 509 tle
869 434 1032 509 citeriore
1048 435 1160 511 Grae-

57 565 164 672 citate
190 563 361 663 scriptum
386 571 508 636 nostra
533 560 614 636 tulit
639 571 747 652 actas,
772 564 838 637 sed
863 592 987 667 magua
1005 594 1088 667 pars
1105 595 1160 667 reu

45 705 139 774 'rum
160 695 321 801 alCorae
343 693 593 792 'expositorum
626 693 805 768 inchoata.
822 698 933 796 magis
965 725 1081 798 quam.
1101 701 1161 773 ab·

56 827 173 902 solata
199 836 265 902 cst
313 825 441 924 Itaque
465 823 535 897 hoc
560 849 670 923 opere
699 825 776 902 aliis
808 828 987 903 scribendi
1016 830 1160 907 lacella»

56 969 130 1033 tem
154 984 227 1033 non
256 956 461 1059 praeripuit,
486 953 567 1030 sed'
582 956 753 1055 praebuit.

99 1092 102 1099 '
202 1089 259 1163 Ex
281 1089 343 1178 iis,
377 1113 468 1188 quae
493 1085 538 1159 dc
561 1085 754 1162 lonicorum
779 1090 1158 1192 grammaticorumque

56 1221 226 1295 librorum
243 1219 362 1295 indole
378 1219 469 1309 dixi,
485 1220 660 1320 consequi
683 1220 858 1312 existimo,
883 1232 925 1296 ut
949 1249 1107 1325 magnus.
1121 1224 1160 1299 iu

56 1351 125 1426 hac
149 1351 333 1426 doctrinae
351 1361 452 1453 parte
464 1349 564 1426 labor
576 1352 682 1462 etiam
694 1379 791 1427 nunc
815 1352 1160 1432 doctis'lrominibus

56 1483 203 1558 relictus
218 1485 277 1559 sit.
301 1483 449 1573 Verum,
465 1493 508 1558 ut
527 1484 682 1561 breviter
707 1485 831 1577 dicam,
856 1484 943 1584 quid
967 1485 1044 1560 fieri
1057 1513 1161 1588 opor„

58 1625 141 1706 teat,
154 1615 333 1714 Ducangii
352 1613 574 1691 Glossarium
593 1617 646 1691 sic
663 1617 791 1691 iterum
803 1615 980 1717 edendum
997 1627 1097 1717 puto,
1120 1628 1162 1695 ut

57 1747 220 1822 excussis
248 1747 366 1822 denuo
392 1773 483 1846 quos
509 1758 634 1823 auctor
658 1775 743 1848 prae
767 1748 929 1823 manibus
952 1747 1162 1854 habuit-co·

57 1878 386 1970 dicibusParisinis,
399 1880 548 1956 sublatis
573 1881 738 1955 omnibus
765 1883 842 1977 ejus
867 1881 1006 1956 mendis
1032 1880 1161 1957 additis

57 2036 129 2111 que
140 2010 322 2087 vocabulis
348 2021 386 2085 et
409 2011 579 2112 loquendi
604 2011 804 2112 generibus,
830 2039 922 2112 quae
947 2039 1043 2087 nunc
1059 2012 1162 2114 ⁴apud

56 2143 217 2218 Graecos
247 2142 285 2217 in
320 2166 391 2218 usu
420 2152 506 2218 sunt
536 2151 574 2217 et
599 2170 690 2243 quae
715 2143 810 2244 apud
840 2155 1005 2221 auctores
1034 2172 1056 2220 a
1085 2144 1163 2221 Du·

55 2274 182 2375 cangio
212 2269 283 2351 non
315 2275 428 2350 lectos
460 2275 704 2364 inveniuntur,
734 2276 925 2352 thesaurus
955 2275 1094 2352 mediae
1126 2287 1163 2352 et

54 2406 212 2483 recentis
230 2407 445 2482 Graecitatis
463 2407 501 2480 in
523 2407 742 2481 eruditorum
756 2407 936 2482 hominum
957 2434 1062 2484 nsum
1080 2433 1163 2484 con,

56 2548 225 2613 struatur.
286 2538 398 2639 Quod
432 2539 633 2637 negotium,
664 2548 706 2614 ut
722 2538 836 2613 'docti
871 2539 1053 2615 Gallorum
1086 2541 1163 2631 viri,

57 2672 188 2772 quibus
213 2670 364 2746 istorum
389 2669 551 2744 codicum
583 2671 684 2771 copia
717 2680 790 2761 est,
821 2670 1029 2771 suscipiant,
1046 2673 1164 2751 nolio.

55 2813 207 2906 menter
220 2813 394 2904 optamus.
449 2800 490 2877 si
516 2802 597 2902 quis
627 2826 713 2879 vero
746 2801 1021 2877 Granrmaticam
1051 2802 1164 2902 philo.
1203 2839 1207 2845 ·

56 2918 171 3034 logiae
196 2936 314 3024 statui,
341 2933 455 3035 qualis
481 2943 607 3008 nostro
631 2944 794 3035 tempore
827 2943 899 3023 est,
931 2944 1049 3034 aptam
1080 2959 1165 3013 cone

57 3065 215 3142 scribere
239 3066 345 3156 volet,
371 3067 405 3142 ei
429 3091 501 3140 non
519 3065 833 3166 solnnuquotqnot
850 3074 1046 3167 supersunt
1061 3064 1165 3139 scho-
1210 3143 1219 3159 ,

56 3196 196 3285 lissiae,
233 3199 463 3294 grammatici,
500 3197 739 3299 lexicographi
753 3208 906 3295 ueteres
939 3210 1002 3272 eo.
1015 3196 1164 3283 consilio

58 3326 306 3430 pervolutandi
332 3340 491 3423 sunt‚·ut
516 3356 609 3430 quae
631 3329 682 3403 illi
712 3331 759 3407 de
789 3328 969 3405 sermonis·
991 3329 1097 3406 uitiis
1128 3338 1165 3405 er

58 3459 267 3563 ‹lcuulgari
291 3459 469 3563 loquendi>
487 3463 746 3538 consuetudine
770 3461 902 3557 *dicunt
931 3460 1015 3534 inde
1044 3479 1165 3538 exuor·

59 3602 131 3693 pat,
156 3593 222 3668 sed
248 3593 353 3668 etiam
377 3592 629 3694 inscriptiones
640 3642 646 3659 -·
655 3596 830 3700 antiquae·
847 3601 884 3667 et
908 3591 1057 3667 maxima
1075 3592 1165 3669 anti·

60 3724 209 3824 quitatis
246 3751 288 3800 ac
325 3726 432 3800 medii
465 3726 544 3802 aevi
577 3726 794 3831 scriptorum
829 3748 913 3828 pars
949 3722 1166 3800 intentelo÷

61 3853 178 3956 gendo
203 3867 269 3929 eat.

208 3984 404 4085 Equidem,
446 4014 490 4061 ex
535 4015 608 4088 quo
644 3951 799 4090 vulgaris
835 3986 1019 4064 sermonis
1050 3987 1167 4088 graeci

62 4119 317 4220 praestantiam
342 4118 503 4218 cognovi,
529 4130 567 4193 et
592 4119 725 4219 quanto
751 4119 809 4193 ille
834 4114 1168 4219 ontiqrmrumsslittev

61 4246 385 4329 rarum-studiosis
416 4251 595 4354 praesidio
622 4251 659 4327 et
689 4251 874 4339 commodo
906 4251 957 4331 sit
992 4253 1169 4355 perspexi,

1253 4318 1304 4400 A
