2700 4672
118 473 270 529 Pronomen
287 465 426 543 personale
443 465 486 522 bis
503 465 622 543 positum
640 464 674 524 C.
692 487 719 524 v.
738 469 800 527 tlt.

119 578 270 636 Pronomen
287 573 426 632 relativum
444 570 629 629 indeclinabile
647 571 678 632 P.
696 592 723 632 v.
740 577 768 632 3.

657 717 694 782 R

119 839 288 918 Rhythmue
306 857 387 896 sensu
403 835 516 893 barbaro
534 834 568 893 C.
588 835 622 892 ad
639 835 675 895 Ι).
694 856 721 896 v.
739 840 766 898 8.

118 948 223 1005 Rimas
241 945 352 1003 barbare
369 963 424 1003 vox
442 942 476 1002 C.
494 941 529 999 ud
547 942 583 1002 D.
600 961 627 1002 v.
645 946 673 1001 8.

660 1086 689 1155 S

121 1213 281 1288 Synizeseos
299 1208 372 1286 leges
390 1205 424 1268 C.
441 1205 477 1264 ed
493 1207 530 1270 D.
548 1228 575 1269 v.
594 1211 621 1270 1.

658 1352 690 1416 Τ

119 1474 282 1550 Tempornm
299 1472 553 1551 periphrasticorum
570 1468 641 1548 apud
658 1471 821 1528 recentiores
839 1472 914 1548 origo
932 1479 960 1528 et
977 1491 1041 1530 usus
1060 1492 1087 1532 v.
1105 1475 1169 1537 468.

120 1580 221 1640 Tenuis
239 1580 328 1637 littera
345 1589 405 1636 unte
424 1579 548 1658 spiritum
565 1597 689 1655 asperum
705 1579 735 1636 in
751 1576 844 1637 multis
862 1577 1025 1637 dictionibus
1042 1601 1058 1636 e
1075 1579 1156 1655 vulgo
1177 1601 1232 1639 cer·

155 1698 216 1746 vate
235 1685 269 1747 C.
288 1687 322 1744 ed
339 1706 367 1746 v.
385 1687 429 1742 61.

657 1793 693 1860 V

120 1916 209 1976 Verba
232 1915 357 1974 nonnulla
379 1934 440 1972 cum
461 1913 615 1970 accusativo
637 1914 665 1970 in
688 1915 812 1971 citeriore
834 1933 956 1972 sermone
979 1924 1143 1986 constructe,
1165 1935 1233 1995 quae

157 2023 229 2102 apud
245 2033 351 2080 veteres
370 2023 517 2098 genitivum
534 2021 668 2076 asciscunt
685 2020 720 2079 C.
737 2020 772 2077 ad
789 2020 819 2080 P.
838 2040 865 2080 v.
884 2023 927 2081 nt.
1021 2084 1024 2099 Ι

121 2128 272 2184 Verborum
289 2131 318 2183 in
335 2154 369 2196 μι
388 2129 540 2182 exeuntium
557 2125 686 2200 reliquiae
704 2126 738 2185 C.
757 2127 792 2182 ad
808 2125 843 2184 D.
862 2146 889 2183 v.
907 2129 934 2188 2.

122 2232 282 2299 Verborum,
301 2231 399 2308 quibus
416 2229 539 2288 voluntas
555 2231 723 2303 exprimitur,
740 2230 889 2287 differentia
907 2230 939 2289 C.
958 2231 993 2288 erl
1009 2252 1036 2291 v.
1056 2236 1122 2290 163.

123 2338 240 2399 Vocalee
257 2340 394 2398 nominum
410 2336 579 2417 propriorum
596 2335 625 2391 in
643 2334 748 2393 casibus
765 2335 883 2415 obliquiu
901 2335 935 2397 C.
952 2336 986 2394 acl
1003 2337 1034 2398 P.
1053 2357 1080 2399 v.
1098 2341 1125 2398 b.
