2700 4672
1188 238 1224 288 lx

121 403 217 480 nulla
241 427 398 504 unquam
422 411 538 479 aetate
568 400 665 505 apud
690 402 850 480 Graecos
882 400 1040 479 defuisse
1055 396 1224 500 constet,

122 537 186 637 qui
215 539 387 636 majorum
417 536 559 639 linguae
589 536 681 611 bene
715 536 815 636 gnari
847 562 971 639 eorum
1000 537 1135 638 scripta
1165 541 1225 618 vel

121 668 201 746 viva
236 695 326 746 voce
358 667 435 743 aliis
473 676 694 768 exponerent
726 665 785 743 vel
821 667 928 745 editis
961 671 1224 748 commentariis

122 801 352 901 explanarent
374 799 434 878 vel
457 796 648 874 scribendo
672 798 909 890 imitarentur,
945 828 1127 903 quumque
1157 803 1226 879 soli

122 931 255 1007 luerint
279 932 420 1021 Graeci,
447 929 510 1030 qui
533 955 640 1004 manu
670 957 734 1006 sua
767 931 994 1032 antiquorum
1026 958 1134 1033 opera
1165 934 1226 1011 de-

124 1064 323 1138 scriberent
348 1061 473 1167 etqui
498 1087 571 1162 quo
601 1071 763 1163 tempore
788 1088 809 1137 a
834 1063 966 1140 Turcis
997 1075 1100 1167 capta
1131 1066 1227 1142 Con·

122 1167 372 1295 stantinopolis
397 1203 470 1285 est,
500 1193 735 1269 miserabilem
765 1194 904 1270 letifero
938 1195 1013 1271 ictu
1041 1196 1228 1274 Musarum

122 1326 305 1403 interitum
345 1337 601 1426 aeternumque
641 1352 762 1401 carum
802 1327 983 1403 silentium
1013 1340 1227 1422 metuentes,

123 1458 282 1535 collectis
320 1485 413 1560 quae
448 1458 597 1560 reperiri
637 1469 804 1559 poterant
844 1461 956 1535 sacris
1000 1462 1227 1562 antiquorum

123 1591 339 1694 scriptorum
362 1589 535 1689 reliquiis,
558 1588 711 1665 vicinam
728 1589 864 1664 Italiam
881 1600 1056 1691 peterent,
1081 1620 1229 1692 graecae

123 1722 320 1823 sapientiae
344 1720 479 1796 semina
509 1731 594 1821 post
625 1719 734 1796 medii
764 1721 843 1798 aevi
873 1723 1068 1798 barbariem
1098 1724 1228 1798 iterum

123 1881 190 1956 per
213 1855 406 1955 Europam
428 1841 605 1952 sparsuri:
644 1854 820 1954 quidquid
854 1853 961 1929 hodie
993 1854 1039 1930 de
1070 1856 1228 1957 antiquis

124 1987 342 2063 Graecorum
371 1985 501 2061 litteris
530 1984 711 2076 novimus,
747 1985 783 2060 id
814 1986 885 2086 ipsi
916 1986 1000 2062 huic
1021 1989 1129 2090 'genti
1159 2015 1228 2064 nos

124 2129 308 2219 acceptum
332 2117 466 2193 referre
490 2117 613 2218 liquet.
663 2117 738 2217 Qui
754 2118 860 2218 primi
873 2118 1016 2195 luerunt
1030 2123 1147 2197 nostri
1163 2120 1230 2195 lin-

125 2276 214 2352 guae
231 2276 378 2352 graecae
396 2250 573 2340 doctores,
595 2247 705 2322 iidem
730 2251 836 2324 etiam
851 2250 1100 2328 ultimi-erunt.
1134 2253 1229 2327 Nam

126 2408 236 2482 quum
261 2381 360 2457 docti
389 2382 484 2484 apud
520 2380 680 2456 Graecos
711 2382 779 2459 viri
809 2409 905 2458 nunc
934 2382 1053 2486 lingua
1083 2394 1231 2460 utantur

123 2540 197 2588 non
221 2512 411 2589 admodum
437 2513 578 2591 diversa
604 2513 648 2587 ab
673 2515 834 2614 antiqua,
857 2514 986 2618 vulgus
1012 2525 1131 2591 autem
1156 2543 1231 2592 ser-

123 2671 231 2721 mone
266 2645 437 2744 loquatur
471 2643 578 2744 paulo
614 2644 837 2743 corruptiore
873 2644 1033 2744 quidem,
1075 2647 1142 2722 sed
1179 2659 1232 2720 ta·

124 2804 207 2853 men
243 2774 502 2876 antiquissimis
538 2772 779 2872 locutionibus
819 2774 968 2865 resecto,
1005 2776 1102 2852 unde
1137 2803 1230 2853 nova

126 2910 295 3009 antiquae
328 2906 470 3010 linguae
501 2906 562 2981 lux
592 2906 789 3008 affulgebit‚
812 2907 901 2983 nihil
932 2908 1097 2984 existimo
1126 2910 1226 3011 prius

125 3041 320 3142 potiusque
344 3038 547 3113 habendum
573 3064 657 3114 esse
689 3039 897 3142 philologis
934 3068 1041 3141 quam
1070 3042 1229 3116 uthans

127 3173 369 3249 recentiorum
396 3169 615 3245 Graecorum
648 3171 803 3273 linguam
828 3171 1024 3248 addiscant
1073 3172 1231 3261 Etenim,

126 3314 170 3380 ur
208 3303 276 3378 ana
316 3303 355 3375 in
394 3276 564 3403 praesens
609 3304 784 3395 amiram,
825 3304 1015 3405 plurimum
1062 3305 1148 3379 rnre
1190 3316 1229 3380 er

128 3437 174 3510 ad
208 3433 433 3535 judicandam
467 3434 740 3511 scholiastarum
782 3435 1047 3537 multorumque
1083 3437 1232 3511 aliorum

128 3568 353 3670 scriptorum,
380 3566 442 3667 qui
466 3593 487 3641 a
510 3568 633 3668 paucis
663 3578 763 3643 recte
792 3567 1053 3669 intelliguntur,
1089 3568 1235 3642 Graeci-

128 3710 238 3777 tatem
264 3710 302 3777 et
325 3698 371 3774 ad
396 3699 625 3776 classicorum
651 3725 743 3800 quos
762 3724 932 3775 vocamus
950 3708 1134 3775 auctorum
1151 3724 1236 3773 con-

129 3843 268 3909 textum
291 3831 418 3907 melius
444 3830 734 3908 constituendum
765 3830 942 3907 commodi
973 3840 1082 3933 atque
1106 3830 1236 3907 utilita-

129 3965 178 4041 tis
204 3965 284 4062 capi
308 3988 419 4063 posse
444 3964 682 4040 certissimum
708 3974 774 4041 est.
822 3963 881 4041 Ad
908 3950 1144 4081 prend-,finem
1162 3991 1235 4039 non

131 4096 264 4173 sufficit
287 4094 506 4169 eruditorum
530 4094 700 4198 loquendi
724 4121 837 4197 genus
862 4120 983 4188 nosse,
1007 4088 1073 4172 sed
1096 4094 1235 4193 vulgari

133 4251 281 4330 quoque
296 4227 440 4331 linguae
455 4225 648 4306 discendae
668 4227 869 4306 diutissime
893 4255 1001 4332 opera
1026 4227 1141 4307 danda
1167 4236 1236 4305 est
