2700 4672
184 163 260 294 '108

191 417 257 496 rio,
291 414 347 478 sed
380 415 490 479 statim
517 435 558 479 ex
585 435 624 476 eo
651 412 881 477 deminutivum
908 405 1097 495 σιωωάριον
1129 416 1297 484 formasse.

190 536 367 602 Scholiast.
392 537 536 624 Oppiani
555 536 645 600 lib.1
667 535 808 601 Halieut.
831 557 860 600 v.
877 535 942 602 735
965 525 1075 614 σάκος,
1097 527 1298 620 σκοπάριον.

189 652 393 726 Justinianus
422 662 458 723 in
485 660 568 723 Nos.
595 657 655 740 85,
683 680 752 746 cap.
781 655 812 723 4.
842 651 982 730 ἀσπίδας
1012 647 1074 736 ἤτοι
1108 653 1296 743 σκοιπάρια.

190 770 437 867 Vid.'Ducang.
461 782 506 865 ΙΙ,
530 779 626 846 1398.
649 815 695 831 -
717 781 908 865 Caeteroqui
931 780 992 841 reio
1011 776 1139 856 λύχνον
1160 773 1202 844 τὰ
1223 805 1297 846 σκε.

190 897 344 988 πᾶσμανα
366 905 642 992 interpretandum
664 916 728 968 est:
751 901 964 969 lucernorum
988 915 1199 993 tegmem,
1226 928 1298 972 non

190 1026 357 1109 umbones,
380 1040 417 1092 ut
440 1027 574 1092 Crusius
596 1027 679 1091 falso
701 1029 834 1092 eddidit.

320 1150 364 1212 V.
388 1147 461 1214 924.
505 1139 545 1209 cd
573 1143 724 1231 mancipia
750 1146 884 1215 hastae.
934 1152 1061 1214 Nomen
1089 1139 1216 1234 κοννάρι
1245 1153 1298 1217 vel

190 1262 423 1354 mwdptov'ex
451 1259 522 1359 ipso
549 1284 691 1336 veterum
718 1274 870 1338 vocabulo
905 1264 1069 1354 κοννάρων
1098 1276 1295 1340 deminutivo

161 1437 164 1443 ·
190 1398 277 1461 vocis
304 1388 412 1466 κοντός
441 1393 573 1459 ssuxissc
601 1397 768 1478 existimo,
796 1397 874 1460 licet
901 1389 1097 1480 significetio
1127 1379 1296 1484 paululum

190 1531 313 1583 mutata
335 1488 388 1582 sit.
441 1516 501 1582 Sic
522 1523 594 1602 jam
622 1516 733 1582 Schol.
764 1518 906 1606 Oppiani
934 1520 988 1582 lib.
1012 1517 1033 1581 2
1061 1540 1089 1583 v.
1114 1519 1156 1584 95
1184 1519 1295 1602 δοῦρα,

189 1631 340 1722 moadeca
361 1653 394 1705 ct
414 1662 444 1705 v.
468 1639 532 1706 329
555 1628 667 1723 ἔγχεα,
689 1632 848 1722 κυνάρια.
894 1639 1034 1729 Saepius
1056 1644 1142 1729 apud
1159 1645 1294 1731 scripto

191 1783 245 1831 rea
267 1765 365 1829 ncdii
387 1764 459 1828 aevi
481 1766 650 1851 reperitur.
696 1760 746 1827 Cf.
768 1763 916 1850 Ducong.
941 1765 992 1828 Gl.
1016 1766 1054 1828 Τ.
1078 1765 1096 1829 I
1117 1786 1148 1852 p.
1174 1765 1250 1831 707.

323 1886 366 1950 V.
390 1884 465 1951 295.
513 1888 607 1964 Quod
629 1886 714 1972 apud
737 1888 885 1968 antiquos
907 1881 1067 1968 ἐρέβινθος
1088 1899 1152 1969 est,
1177 1889 1212 1953 id
1233 1888 1294 1954 hoc

190 2008 263 2074 loco
289 2029 310 2074 a
332 2011 424 2074 Zeno
450 2003 593 2091 ῥέβιξνος,
619 2008 715 2092 vulgo
744 2029 830 2072 nunc
853 2030 873 2073 a
895 2009 1028 2073 Graccis
1050 2003 1152 2090 ῥεβίξνι
1174 2011 1227 2075 vel
1247 2006 1293 2092 ῥο-

166 2171 170 2178 .
191 2125 262 2214 βίβι
282 2135 495 2200 nominatur.
520 2133 710 2217 Ducangius
733 2132 823 2197 Tam.
839 2132 873 2195 ΙΙ
895 2153 926 2219 p.
946 2131 1030 2198 1986
1052 2133 1164 2197 laudat
1182 2147 1217 2198 et
1232 2136 1293 2199 ior·

191 2277 262 2322 mas
282 2249 439 2336 ρἕννβος
452 2266 493 2320 et
518 2246 696 2334 ρεβύνξνιον.
748 2254 799 2317 ct.
829 2253 937 2319 Crusii
966 2258 1237 2341 Turcograeciam
1262 2279 1292 2346 p.

191 2377 256 2444 217
286 2392 319 2443 ct
345 2379 511 2465 Agapium
539 2377 730 2442 Cretensem
757 2378 793 2440 in
822 2378 964 2465 Geopon.
990 2401 1014 2446 c.
1039 2377 1091 2443 52.
1116 2378 1168 2444 86.
1217 2379 1294 2444 Cru-

192 2504 260 2567 sius
292 2493 389 2567 verba
418 2494 550 2581 χλωρῶν
572 2494 709 2580 §stilpon
736 2512 822 2565 recte
854 2503 980 2584 quidem
1007 2503 1110 2566 reddit
1137 2498 1295 2568 viridium

190 2622 346 2700 cicerum,
368 2624 424 2687 sed
446 2624 529 2706 quod
551 2625 665 2709 adJ'icit
686 2643 744 2688 seu
765 2645 885 2688 nuciam
912 2595 1141 2713 supervacuum
1169 2637 1229 2689 est.
1250 2660 1294 2673 —

191 2743 356 2825 ἡφλοῦδα
379 2747 429 2810 vel
450 2736 482 2807 sd
507 2738 619 2824 φλούδι
648 2748 733 2812 valet
759 2745 917 2812 corticem
947 2761 979 2813 et
1002 2756 1164 2834 putamen
1182 2723 1222 2812 'in
1245 2770 1295 2813 rc·

192 2872 334 2933 centiore
363 2869 486 2952 lingua.
537 2870 626 2933 Nata
655 2882 705 2933 est
732 2867 814 2933 haec
841 2872 940 2936 dictio
970 2869 1018 2936 ex*
1037 2883 1176 2937 veterum
1199 2861 1295 2950 oidog

191 2991 242 3055 vel
263 2988 369 3067 φλοῦς·

322 3111 365 3175 V.
389 3109 464 3176 2‘26.
508 3113 561 3177 Dc
588 3115 741 3180 vocabulo
769 3111 866 3198 κορμί
893 3119 961 3181 dixi
986 3117 1135 3180 advers
1164 3111 1218 3179 94.
1249 3150 1295 3164 —-
1333 3105 1334 3108 '

191 3225 386 3316 ἁρμάτωνάν
408 3254 475 3299 aor.
498 3236 568 3300 Ind.
593 3252 653 3303 act
676 3242 766 3304 verbi
788 3232 954 3321 ἁρμανόνω
968 3225 1223 3329 ‘ormofflrmis
1244 3235 1295 3302 in·

191 3366 296 3421 struto.
317 3355 461 3422 Verbum
476 3359 599 3426 latinae
614 3364 753 3447 originis
766 3375 822 3426 cst.
846 3361 922 3424 Vid.
938 3362 1045 3424 adnot.
1060 3361 1101 3424 ad
1118 3380 1198 3423 vers.
1215 3358 1295 3426 ¹221.

191 3479 334 3548 Utuntur
357 3479 418 3546 hoc
440 3487 535 3548 verbo
557 3488 679 3572 passim
700 3486 872 3571 scriptores
895 3483 1078 3564 Byzantini.
1125 3481 1200 3544 Vid.
1225 3481 1296 3548 Du.

193 3623 285 3687 cang.
307 3625 333 3666 s.
349 3626 379 3668 v.
396 3598 567 3686 ἁρμανοῒν.
590 3644 632 3655 -
655 3600 718 3667 ἀπὸ
741 3607 975 3692 comparationi
996 3604 1051 3669 hic
1072 3606 1181 3686 servit,
1206 3612 1296 3692 cujus

71 3797 72 3800 ,
192 3725 264 3790 1⁰0⁰
287 3737 319 3788 et
341 3718 429 3806 παρὰ
451 3749 478 3791 c.
501 3750 605 3794 accus.
629 3732 783 3794 usitatum
805 3739 864 3792 est.
909 3726 1070 3792 Similiter
1079 3732 1151 3811 jam
1168 3728 1295 3814 Thucy-

103 3880 104 3883 *
193 3848 277 3910 didis
305 3846 482 3912 Scholiasta
512 3852 553 3915 ad
582 3852 636 3916 lib.
666 3852 684 3915 I
716 3870 784 3936 cap·
814 3848 857 3912 28
889 3851 996 3934 posuit
1024 3853 1297 3938 praepositionem

193 3958 266 4029 ἀπό.
310 3967 509 4053 Thucydidis
532 3975 629 4036 verba
649 3983 726 4036 sunt
747 4005 791 4020 -
813 3967 841 4030 εἰ
861 3962 897 4032 di
918 3962 979 4054 μὴ,
1000 3963 1057 4033 παὶ
1079 3965 1169 4034 αὐτοὶ
1196 3969 1297 4058 ἀνωγ-

193 4082 423 4170 κασξιήσεσξιαι
435 4081 572 4176 ἔφασαν,
586 4086 713 4155 ἐκείνων
724 4090 930 4176 βιαζομένων,
942 4087 1051 4174 φίλους
1071 4098 1231 4168 moreium
1243 4084 1298 4169 ode

75 4271 81 4278 .
195 4208 235 4278 οὐ
248 4209 425 4297 βούλονται,
448 4209 569 4297 ἐνέρους
589 4215 651 4280 νῶν
672 4216 733 4280 νῦν
754 4204 852 4280 ὄντων
872 4216 1006 4300 μᾶλλον,
1027 4212 1176 4298 ὠφελείας
1193 4210 1299 4303 dvm,
