2700 4672
1100 171 1167 246 127

58 326 205 451 ore'pouo)
226 367 293 432 alio
315 363 460 452 epitheto
488 363 717 451 explicationis
743 385 841 432 eausa
869 363 979 432 addito
999 362 1168 433 dementes

58 493 215 581 appellat.
260 489 312 553 Ex
334 486 396 553 hoc
417 486 589 570 multisque
617 488 694 553 aliis
715 491 872 576 exemplis
902 492 1028 556 ostendi
1050 502 1168 579 potest,

57 613 258 698 Hesychium
279 613 351 676 sinc
377 611 569 676 recentioris
590 600 723 696 linssuae
753 632 890 696 graecae
913 635 974 702 ope
995 635 1017 680 a
1037 615 1168 680 nemine

58 737 270 828 probabiliter
291 735 456 799 emendari
478 755 581 819 posse.

191 858 235 921 V.
259 857 332 923 321.
376 845 507 916 o'slc'ruou'
536 843 617 915 εἶναι
645 842 680 915 cd
699 847 823 938 ’καμαν
844 881 875 921 κ.
898 874 923 920 r.
945 862 972 921 b.
993 862 1014 923 i.
1036 884 1064 927 a.
1088 854 1167 925 oieb.

57 1001 157 1044 aaron
177 969 258 1041 εἶναι
279 973 322 1040 udo
348 970 537 1060 λησμονῆσω
560 973 669 1055 bertoo,
691 970 727 1040 cd
755 971 861 1041 ὁποῖον
888 967 1015 1062 ἕκαμαυ
1040 979 1084 1054 εἰς
1111 962 1170 1067 ε’·μέ

46 1101 140 1196 fieri
159 1123 228 1169 non
245 1110 371 1189 potest,
393 1109 441 1179 ut,
463 1099 557 1188 quad
566 1097 733 1189 fecerunt
754 1098 790 1166 io
812 1123 876 1184 ute,
898 1099 1093 1168 obliviscar.
1126 1106 1168 1170 In

61 1228 114 1293 lais
136 1229 239 1293 verbis
260 1226 408 1307 λησμονῶ
431 1226 593 1290 citerioris
616 1226 803 1309 graecitatis
830 1227 1020 1292 vocabulum
1048 1240 1098 1292 est
1125 1250 1168 1294 ex

61 1352 231 1415 notissimo
253 1350 458 1430 antiquorum
481 1348 639 1432 adJectino
661 1339 792 1428 λήσμων
814 1351 994 1413 formatum.
1037 1351 1168 1419 Etenim
1267 1374 1272 1378 ’·

60 1444 282 1538 obliviscendi
303 1471 395 1534 notio
416 1489 503 1533 nunc
524 1489 651 1556 semper
673 1471 737 1534 ista
758 1492 835 1535 voce
857 1472 1063 1559 exprimitur,
1087 1494 1168 1558 quac

59 1599 97 1662 in
118 1597 224 1661 locum
245 1590 301 1654 τοῦ
321 1581 549 1662 aava—<torosa
570 1592 704 1658 suffecta
725 1602 791 1673 est,
814 1593 971 1674 siquidem
997 1596 1083 1682 apud
1110 1617 1169 1662 uo·

59 1720 124 1784 stri
144 1718 299 1803 temporis
322 1715 463 1779 Graecos
484 1709 570 1778 nihil
591 1723 701 1797 sonat,
728 1705 935 1797 invaduntur
962 1718 1029 1782 uisi
1050 1738 1167 1807 pecco,

60 1859 140 1906 erro
161 1852 196 1903 et
207 1834 339 1927 fallor.

189 1959 233 2023 V.
257 1959 332 2026 322.
376 1948 450 2040 pudc’
477 1980 536 2049 per
564 1962 728 2044 syrtizesin
757 1973 790 2025 et
811 1983 977 2050 apocopen
998 1983 1058 2050 pro
1078 1955 1167 2046 μίαν.

59 2115 106 2138 -
131 2069 265 2164 dococto
291 2105 358 2150 aor.
392 2042 458 2149 idd.
485 2096 549 2149 act.
575 2085 664 2150 verbi
693 2074 796 2162 doloso
823 2106 866 2148 ex
892 2087 1024 2170 antiquo
1053 2079 1168 2169 ἀφίημι

60 2183 200 2273 formati.
224 2240 268 2254 -
289 2197 331 2266 τὰ
349 2197 483 2288 ’μμάτια
504 2206 647 2293 explicui
669 2207 710 2270 ad
731 2207 814 2271 bers.
836 2205 910 2272 128.

192 2328 235 2393 V.
260 2326 336 2395 32&
380 2316 520 2409 πόλεμου
540 2329 637 2391 metri
660 2348 757 2393 causa
784 2348 854 2416 pro*
871 2323 1019 2410 noiclcov.
1048 2364 1093 2378 -
1120 2323 1168 2412 ἕρ.

60 2443 230 2534 χοῦμουνα
252 2454 355 2518 forma
375 2453 500 2539 plebeja
521 2471 581 2538 pro
609 2440 752 2531 ἠρχόμην
780 2446 967 2517 ueniebam.
994 2487 1039 2498 -
1065 2440 1168 2531 ἤιιουν

61 2596 104 2641 ax
124 2574 233 2663 plebis<
250 2575 479 2639 consuetudine
501 2595 560 2661 pro
583 2559 666 2666 ἤμην
687 2574 707 2636 i.
725 2595 751 2636 e.
774 2559 813 2648 ἦν
833 2592 939 2637 eram.
963 2607 1008 2622 -
1029 2582 1168 2636 Koouoo.

60 2691 139 2780 pce'cu
161 2708 246 2784 part.
269 2699 347 2784 peri.
371 2718 456 2784 pass·
480 2697 569 2760 verbi
595 2687 734 2769 ’κοπιάζω
764 2697 884 2762 omism
910 2696 1166 2784 reduplicatiouc

59 2841 120 2909 pro
146 2813 378 2901 κεκοπιασμένη
407 2820 430 2883 i.
453 2840 481 2882 e.
500 2814 691 2906 fatigata,
719 2813 870 2906 defessa.
921 2819 971 2885 ct.
994 2820 1104 2886 adnot
1124 2821 1167 2888 ad
1188 2870 1197 2876 .-

59 2962 143 3009 vers.
164 2941 240 3009 305.

168 3076 172 3088 ·
193 3064 237 3128 V.
260 3062 336 3130 324.
380 3055 539 3141 ἐδεήθηκα
566 3063 655 3149 vulgi
683 3086 774 3145 more
800 3086 860 3154 pro
888 3055 1028 3142 ideirco.
1052 3100 1096 3114 -
1117 3057 1168 3148 ὄρ.

60 3179 208 3270 ytopce'coc
232 3199 317 3273 part·
338 3188 417 3272 perf.
441 3206 527 3271 pass.
548 3188 637 3250 verbi
659 3181 773 3269 ὄργι’ζω
795 3210 855 3276 pro
877 3179 1065 3270 ὠργισμένοι
1070 3232 1085 3266 ‚
1108 3189 1166 3255 sed

60 3310 158 3391 longe
182 3306 256 3385 alio,
281 3326 375 3389 quam
396 3307 432 3370 in
454 3308 588 3389 antiqua
609 3307 723 3394 linguae
743 3310 940 3395 significatu.
990 3311 1051 3377 Est
1078 3315 1165 3377 enim

61 3424 249 3512 ὀργισμένος
271 3427 303 3492 ln
326 3429 348 3492 l.
370 3437 584 3507 exsecratus,
606 3428 841 3497 exsecrubziis.

192 3551 236 3615 V.
259 3549 335 3616 325.
376 3544 565 3628 ‘olorensis
587 3555 771 3619 adverbium
797 3568 847 3619 est
869 3557 1075 3639 significansz
1101 3575 1166 3641 per·

61 3682 172 3741 totum
193 3680 333 3737 noctem.
380 3671 517 3736 Constat
539 3685 644 3737 autem
666 3674 747 3738 haec
768 3677 867 3739 dictio
890 3697 932 3739 ex
954 3676 1018 3761 adj.
1040 3665 1112 3747 illoc
1133 3689 1166 3743 ct

61 3798 242 3862 recentiore
263 3816 340 3859 voce
362 3783 472 3870 abaco„
496 3813 576 3876 quae
590 3796 728 3882 primam
745 3797 995 3863 declinationem
1012 3801 1164 3881 sequitur.

61 3920 139 3983 Vid.
161 3920 283 3983 observ.
305 3918 346 3982 ad
368 3937 450 3981 vers.
474 3914 527 3981 28.
572 3916 734 3982 Similiter
762 3921 852 4006 plebs
881 3941 969 3985 nunc
995 3921 1074 3985 dicit
1096 3914 1165 3998 ὅλη.

61 4040 155 4123 μερῆς
176 4052 210 4104 et
229 4033 398 4120 ὁλημερνῆς
415 4058 481 4126 pet·
500 4046 608 4103 tolum
630 4036 728 4106 diem.
767 4077 812 4090 -
849 4033 1015 4123 ε’φῶναζαν
1035 4043 1165 4132 Imperi.

62 4177 124 4233 act.
146 4163 234 4232 verbi
255 4162 371 4231 novitii
392 4152 539 4245 φωνάςω,
560 4181 620 4253 pro
641 4184 704 4252 quo
725 4143 852 4255 antiqui
873 4160 984 4247 φωνέω
1005 4168 1166 4235 dixerunt
