2700 4672
120 165 186 237 me

118 362 325 438 formabatur,
348 368 456 420 tamen
478 353 822 440 plusquamperfectum
843 355 884 417 ob
907 354 1029 416 lormae
1047 353 1222 438 longitudi-

118 504 191 547 nem
215 482 401 564 quandoque
424 478 499 540 inde
521 496 588 539 non
617 477 845 556 deducebatur,
874 476 931 539 sed
953 481 1022 560 ejus
1044 477 1114 539 loco
1137 480 1224 542 aori·

40 628 44 635 ¹
119 618 186 670 stus
208 608 244 667 in
265 625 324 667 risu
347 614 424 664 erat.
468 599 563 662 Hanc
583 601 844 663 consuetudinem
862 599 898 662 in
916 601 1021 662 verbis
1035 602 1224 681 quibusdam

118 750 185 792 non
208 731 349 790 omnium
374 725 581 801 Graecorum,
603 723 660 785 sed
682 721 913 786 nonnullorum
941 733 1065 785 tantum
1086 725 1224 811 scripto-

120 871 192 914 rum
215 869 412 916 communem
437 848 534 909 luisse
558 846 677 908 credas.
720 846 883 907 Nimirum
905 866 962 908 suo
981 846 1113 928 quisque
1128 850 1224 911 modo

120 974 232 1056 lingua
254 973 364 1033 utitur.
408 969 480 1034 Huc
502 969 635 1048 accedit,
658 971 687 1030 si
710 981 892 1054 temporum
913 969 1078 1031 notionem
1100 983 1225 1055 specta.

119 1116 206 1174 mus,
236 1097 340 1177 major
369 1092 690 1178 plusquamperfecti,
719 1111 814 1173 quam
841 1092 976 1177 perlecti
1003 1111 1073 1154 cum
1100 1096 1224 1159 aoristo

121 1219 282 1302 cognatio.
329 1217 435 1291 Quum
464 1215 550 1276 enim
578 1213 922 1301 plusquamperfectum
951 1214 1097 1296 designet
1123 1217 1225 1279 actio·

121 1361 196 1406 nom
225 1315 416 1424 absolutam'
431 1357 492 1417 quo
522 1348 664 1422 tempore
691 1336 758 1400 alia
784 1334 1012 1416 inchoabatur,
1041 1357 1103 1417 qua
1131 1341 1168 1401 in
1189 1360 1226 1403 re

121 1463 212 1530 nulla
234 1461 370 1525 habetur
391 1461 572 1545 praesentis
594 1460 746 1545 temporis
769 1457 870 1534 ratio,
892 1459 975 1539 quod
997 1480 1088 1522 secus
1116 1460 1156 1523 fit
1189 1463 1227 1526 in

121 1587 281 1674 perfecto,
303 1587 408 1666 maj0r
430 1583 585 1663 quaedam
613 1582 687 1644 inde
713 1581 1015 1667 plusquamperfecti
1043 1603 1114 1644 cum
1141 1584 1227 1647 aori.

122 1721 183 1790 sto,
206 1726 301 1789 quam
329 1707 464 1791 perlecti
487 1727 558 1769 cum
581 1704 690 1775 eodem
713 1717 855 1790 tempore
879 1705 1060 1787 conjunctio
1083 1718 1116 1769 et
1137 1708 1227 1770 simi-
1273 1728 1279 1738 ‘

40 1821 46 1830 ⁴
122 1832 223 1895 litudo
251 1829 404 1894 nascitur.
455 1829 596 1891 Proinde
624 1827 686 1889 hac
714 1848 836 1909 quoque
866 1847 962 1890 causa
994 1830 1131 1913 permoti
1158 1841 1227 1894 tam

123 1965 246 2018 veteres
270 1952 397 2031 Graeci,
419 1971 515 2036 quam
537 1951 732 2013 recentiores
755 1950 927 2031 aliquando
955 1946 1111 2015 aoristum
1139 1952 1226 2039 plus·

11 2043 17 2093 3
123 2076 358 2161 quamperlecto
381 2069 589 2159 praeoptant3
613 2075 648 2134 in
671 2094 732 2155 quo
755 2095 793 2136 co
811 2066 932 2157 justior
954 2075 1116 2137 excusatio
1139 2095 1226 2139 nunc

123 2199 353 2261 recentioribus
376 2209 441 2275 cst,
464 2196 546 2276 quod
570 2194 632 2257 hac
654 2198 779 2259 ratione
802 2197 937 2260 molesta
958 2194 1228 2283 plusquamperse.

124 2322 168 2385 cti
192 2321 473 2385 circumlocutione
494 2319 539 2394 (v.
554 2340 580 2380 c.
604 2305 679 2391 εἷχα
700 2311 818 2399 γράψει
833 2340 891 2405 pro
912 2310 1128 2401 ἐγεγράφειν),
1145 2341 1226 2404 quae

123 2443 193 2507 sola
214 2463 301 2506 nunc
322 2444 442 2505 usitata
464 2453 529 2520 est,
552 2443 606 2504 ubi
622 2456 841 2527 opportunum
863 2443 997 2522 videtur,
1019 2445 1227 2528 supersedere

123 2579 267 2654 possunt.
322 2563 390 2627 Sed
410 2537 506 2627 redeo
529 2564 570 2627 ad
593 2566 797 2645 antiquorum
819 2566 983 2630 aoristum.
1030 2566 1095 2641 Qui
1119 2587 1226 2648 quam.

124 2709 218 2770 quam
247 2687 413 2770 singulare
442 2691 560 2750 lactum
587 2690 754 2774 exprimit,
783 2700 893 2752 tamen
919 2708 979 2774 pro
1002 2701 1136 2752 renata
1158 2711 1227 2754 non

123 2814 229 2877 minus
252 2829 412 2892 congruus
435 2819 493 2887 cst,
516 2809 575 2888 (de
597 2811 667 2875 solo
689 2811 838 2875 videlicet
860 2811 1038 2874 iudicativo
1061 2814 1143 2901 ago)
1171 2816 1227 2877 ubi

123 2935 156 2996 id
179 2934 261 3015 quod
284 2931 454 3012 aliquando
480 2935 664 3017 contingere
687 2934 769 2998 solet
790 2945 823 2996 et
847 2935 956 3015 quavis
978 2946 1085 2997 aetate
1101 2937 1227 3000 contin.

123 3078 199 3140 gere
221 3065 336 3139 potest,
360 3053 467 3135 eloqui
490 3057 526 3118 in
548 3059 657 3120 arrimo
680 3068 737 3120 est.
783 3052 871 3119 Sunt
893 3058 981 3120 enim
1003 3077 1055 3120 res
1078 3057 1156 3121 olim
1172 3055 1249 3143 ge*

123 3177 373 3259 staedmagines
396 3179 550 3257 quaedam
573 3192 606 3241 et
627 3191 780 3260 tanquam
796 3177 943 3265 exempla
957 3200 1066 3243 earum
1083 3183 1227 3247 omnium

122 3318 239 3378 aarum,
263 3319 343 3381 quae
366 3320 424 3385 pro
447 3300 715 3366 vitaehumanae
744 3303 927 3366 conditione
955 3302 1006 3365 vel
1032 3305 1228 3372 immutabili

121 3422 192 3506 lege
215 3433 350 3486 naturae
372 3435 406 3486 et
427 3443 514 3485 nunc
535 3425 685 3488 similiter
707 3434 862 3508 geruntur
889 3434 921 3484 et
947 3422 1083 3508 posthac
1110 3445 1226 3507 geren.

120 3556 182 3609 tur.
226 3545 286 3608 Est
309 3544 363 3607 hic
384 3544 652 3611 celebratissimus
673 3547 731 3608 ille
753 3544 866 3608 aoristi
888 3564 964 3607 usus
986 3566 1028 3608 cx
1049 3545 1227 3616 Homerica

120 3670 277 3730 sermonis
300 3665 506 3751 simplicitate
529 3670 655 3743 ductus,
679 3688 759 3749 quae
780 3666 854 3731 fieri
876 3667 974 3730 solita
1004 3681 1156 3751 tanquam
1178 3674 1225 3736 sa.

121 3802 173 3852 cta
197 3801 319 3852 narrat.
365 3785 432 3850 Sed
456 3792 598 3870 quamvis
621 3791 649 3853 is
672 3790 839 3855 florentem
862 3792 960 3855 etiam
982 3791 1113 3876 linguae
1136 3806 1225 3860 aeta.

121 3921 185 3972 tem
218 3911 390 3993 attigerit,
409 3901 551 3976 attamen
579 3914 622 3975 ad
655 3915 911 3976 recentissimam
934 3916 1127 3980 ¹memoriam
1155 3937 1225 3984 non

119 4035 330 4117 permanavit·
383 4036 486 4113 Quem
513 4036 542 4097 si
573 4037 811 4101 consideramus
839 4039 953 4104 aoristi
984 4060 1091 4119 usum,
1127 4041 1223 4106 facile
