2700 4672
1123 213 1169 287 17

44 418 49 423 ·
65 405 217 478 nequent
230 414 373 460 curreres
385 393 527 460 velocius
532 414 594 477 mc,
607 397 689 462 etin
700 409 863 467 certamen
869 401 1035 489 singulare
1042 400 1171 474 ‹itacen-

65 527 107 590 ad
129 527 217 590 aliud
238 547 306 591 non
327 548 400 592 eras
422 526 524 609 utilis,
546 527 614 592 nisi
635 539 671 592 nt
692 549 744 594 rne
766 533 940 622 deciperes.
1041 539 1172 625 [deren

65 658 195 744 Aspicit
216 659 293 722 deus
315 656 480 743 injuriam,
503 669 536 722 et
556 660 634 723 facit
649 660 824 747 justitiam,

64 809 103 852 ac
125 790 220 875 punit
241 790 379 873 injustos
402 787 774 872 absque'misericordia.

64 919 173 982 Meam
195 931 332 983 mortem
351 921 453 984 ultum
475 922 583 985 veniet

66 1051 225 1114 exercitus
245 1051 396 1131 murium,
417 1060 450 1113 et
471 1061 504 1114 te
524 1052 645 1138 puniet

67 1183 258 1245 Orationem
278 1178 365 1245 hanc
385 1179 510 1262 finivit5
532 1193 600 1247 tum
621 1184 736 1251 defecit
755 1206 819 1252 vox
840 1186 927 1272 ejus,¹
985 1190 987 1194 ’

67 1326 99 1378 et
120 1325 207 1377 totus
228 1325 382 1376 extensus
404 1323 464 1392 est,
486 1315 630 1395 exiitque
650 1317 782 1400 spiritus
803 1323 883 1403 ejus.

67 1443 273 1530 Lichopinax
294 1444 377 1506 forte
398 1442 435 1525 in
456 1443 593 1524 quodam
614 1443 685 1508 leco
708 1444 809 1528 etetit,

67 1576 159 1655 vidit,
182 1595 263 1656 quae
284 1573 416 1652 fiebant,
439 1545 529 1636 οἱέο
552 1574 688 1638 eontulit
709 1576 752 1640 ad
773 1576 926 1660 laborem,
1020 1638 1024 1647 ,

68 1717 105 1769 nt
126 1707 200 1785 iret,
223 1715 257 1768 et
278 1705 438 1768 inveniret
458 1724 566 1794 mures
588 1705 697 1787 eisque
717 1704 799 1772 haec
820 1711 1000 1775 nunciaret

68 1836 210 1922 Repetit
231 1855 287 1899 ecs
308 1855 384 1914 una,
408 1847 441 1900 et
462 1832 548 1900 dixit
569 1837 632 1900 eis:
654 1836 793 1918 Audite,
810 1860 830 1902 c
852 1837 965 1904 amici!
1015 1824 1018 1828 ¹

69 1967 322 2053 Psicharpagem
343 1969 461 2031 bonnm
484 1985 585 2030 ranae
608 1966 743 2050 (aquis)
765 1969 973 2035 srrffocarunt
1005 1975 1007 1980 '

71 2099 137 2178 llli,
160 2108 197 2161 nt
218 2096 280 2160 hoc
303 2097 549 2178 intellexerunt,
571 2061 718 2162 dentiirus
740 2101 954 2182 frendebant,
1031 2119 1033 2122 ·
1087 2108 1092 2115 ’

69 2229 287 2293 Praeconibus
309 2229 518 2314 imperarunt,
540 2230 725 2304 ut'exirent
746 2249 786 2292 ac
807 2231 1055 2315 proclamarent,
1170 2249 1173 2255 ’

71 2359 243 2423 concilium
264 2370 300 2422 nt
321 2357 492 2422 haberetur
515 2358 591 2436 cito,
613 2370 647 2419 et
667 2376 710 2420 ne
732 2368 972 2443 cunctarentur;
1085 2372 1089 2378 '

70 2502 107 2555 ut
130 2501 403 2575 congregarentur
422 2487 576 2568 universi,
599 2486 669 2550 illic
690 2488 728 2550 in
750 2453 933 2552 Trcxartae
952 2489 1094 2575 aedibus,

10 2677 13 2684 .
72 2623 126 2704 qui
148 2631 241 2708 pater
264 2622 376 2684 iuerat⁴
390 2618 531 2683 infelicis
552 2628 586 2682 et
606 2618 717 2704 miseri
737 2615 981 2704 Psieharpagis,

67 2754 126 2836 ‘qui
147 2754 183 2816 in
203 2752 277 2816 lacu
299 2753 433 2814 natabat
453 2749 624 2829 exanimis,
651 2768 822 2834 expansus,
855 2761 858 2765 ’
970 2770 987 2784 “

72 2883 248 2964 indeficua,
261 2882 351 2946 nullo
363 2882 506 2946 lamento
519 2879 707 2978 benenatus,
725 2882 811 2944 sicut
819 2880 853 2944 id
864 2877 961 2945 habet
970 2880 1074 2964 quivis
1083 2900 1173 2967 pere·

73 3016 248 3095 Postquam
270 3022 498 3090 convenerunt,
520 3011 668 3075 inventus
690 3022 741 3092 est
761 3020 916 3093 erectus,
1031 3009 1173 3096 [giinus.

58 3157 226 3224 tanquam
247 3144 408 3229 prinecps,
430 3143 616 3223 Troxartes,
639 3142 693 3222 qui
714 3151 785 3206 crat
805 3143 919 3208 tristis.
974 3148 976 3152 '
1089 3117 1091 3119 ι

75 3274 178 3339 Stetit
199 3275 236 3336 in
256 3273 360 3336 medio
382 3270 524 3351 illorum,
546 3291 586 3335 ac
607 3271 704 3335 desiit
722 3271 812 3352 flere,

77 3405 185 3470 oculos
208 3424 284 3468 snos
307 3403 468 3483 abstersit,
491 3413 525 3466 et
546 3402 652 3488 caepit
673 3404 751 3467 fari:

77 3540 107 3602 0
129 3538 226 3626 amici
247 3535 404 3619 germani,
426 3501 589 3619 paueret
611 3535 726 3597 tratres
740 3531 827 3597 urei!

79 3669 186 3732 cuncti
207 3685 332 3729 meeum
353 3664 458 3727 dolete
479 3666 516 3727 in
537 3661 601 3724 hoc
622 3682 692 3725 mec
715 3663 832 3724 Ιιωῑιι.ί

78 3801 147 3862 Mei
168 3797 315 3859 misereri
337 3811 589 3875 unumquemque
611 3792 701 3858 decet
721 3791 759 3853 in
781 3789 964 3855 calamitate
986 3808 1067 3869 mea,

80 3919 1175 4009 cbmalamrnortem,quamceperunt(iaperpessisunoliberimei.

80 4061 181 4124 Filios
202 4068 269 4120 tres
283 4064 419 4144 tanturn
439 4055 548 4136 genui,
571 4065 604 4116 et
626 4051 663 4117 hi
684 4064 778 4116 erant
799 4053 835 4114 in
858 4052 1009 4117 comitatu
1030 4070 1118 4129 rne03

82 4209 244 4271 nunquam
265 4208 323 4255 eos
344 4186 462 4266 dimisi,
485 4193 521 4248 ut
541 4184 668 4248 abirent
689 4203 710 4248 a
731 4183 832 4247 latere
853 4200 935 4245 mcc.

885 4309 908 4376 2
