2700 4672
44 455 134 536 Fieri
156 454 276 538 nequit,
299 464 344 535 ut,
368 452 453 536 quod
474 454 618 516 iecerunt
640 451 676 516 in
698 470 758 532 me,
781 452 962 519 obliviscar.

47 588 193 665 Quadam
215 597 310 650 noete
331 605 383 648 me
404 604 473 650 non
493 585 639 649 siverunt
660 583 770 648 oeulos
792 605 879 651 meos
901 586 1063 652 claudere.

46 719 74 783 E
96 719 181 784 bello
204 719 370 782 veniebam
389 728 487 799 ¹etqua
508 736 598 781 eram
620 717 757 797 defessa,
838 735 841 738 ’

47 872 160 914 somno
184 851 369 934 indigebam
376 865 387 930 3
408 849 465 912 sed
487 849 572 912 istae
594 858 782 911 exsecratae

47 976 151 1045 totam
173 992 300 1044 noctem
323 982 513 1061 eoaxabant,
535 990 567 1042 et
588 980 759 1065 strepitum
782 979 951 1043 faciebant.

47 1114 160 1194 ltaque
171 1113 328 1175 insomnis
336 1112 493 1194 jaeobum,
511 1112 546 1175 in
562 1111 710 1175 molestia
727 1131 779 1174 me
792 1113 955 1198 ponebant
969 1112 1003 1194 (i.
1013 1132 1043 1175 e.
1056 1114 1153 1177 mole·

50 1245 186 1308 Noctem
198 1254 296 1307 totam
308 1263 397 1308 eram
410 1245 446 1306 in
455 1243 570 1327 vigilie
580 1263 707 1327 magna.
753 1239 866 1327 [stiam
876 1243 957 1309 mihi
965 1244 1153 1326 afferebant)

52 1377 172 1440 Omnia
193 1373 275 1440 mihi
297 1377 442 1439 membra
463 1375 663 1455 laborabant,
685 1374 832 1439 dolebam
856 1378 968 1464 eapite.

52 1504 130 1587 Sed,
155 1529 173 1570 o
197 1508 252 1588 dii,
275 1508 493 1571 abstineamus
515 1509 556 1570 ab
579 1527 639 1593 ope
660 1507 734 1570 istis
756 1508 899 1587 ferenda,

53 1637 431 1721 qnia,(quantum)rideo‚
444 1639 531 1703 acies
543 1629 717 1702 admodum
725 1639 811 1702 inter
821 1660 856 1703 se
861 1640 1061 1726 propinquae
1070 1651 1156 1722 sunt,

56 1770 175 1834 Cuncti
185 1790 245 1833 nos
252 1769 290 1832 do
304 1770 392 1833 eoelo
399 1771 705 1858 agitedespieiamus
712 1770 880 1858 proelium,
904 1767 961 1855 [ne
968 1773 1051 1834 forte
1059 1773 1157 1836 etiam

55 1901 622 1988 unusquisquenostrumvoinptatem
630 1902 914 1987 magnamhabeat.
929 1890 1156 1988 [v'ulneremur.

59 2033 187 2098 Exinde
210 2032 269 2096 illa
291 2032 388 2096 desiit
410 2031 533 2116 (fari),
557 2054 596 2098 ae
618 2035 677 2100 Dii
698 2036 888 2100 audiverunt

57 2169 155 2230 verba
177 2168 255 2248 ejus,
279 2165 429 2235 abierunt
451 2162 493 2228 ad
514 2162 630 2270 laeum,
648 2178 685 2231 et
706 2178 902 2256 spectarunt

58 2297 153 2362 Tune
174 2296 318 2381 Iuppiter
340 2296 492 2376 intonuit,
516 2295 635 2359 onliees
654 2300 732 2362 vtedia
752 2301 938 2364 eeeinerunt
944 2319 954 2378 3

59 2449 168 2493 mures
190 2438 224 2489 et
243 2445 345 2490 ranae
367 2426 491 2514 proelio
515 2425 739 2491 conflixerunt.

59 2554 249 2647 Hypsiboas'
265 2570 336 2622 erat
357 2557 472 2643 plenus
493 2552 693 2640 fortitudine,

62 2704 96 2756 et
116 2695 237 2780 primus
259 2688 436 2754 [dehonori
459 2690 547 2755 dedit
569 2691 668 2754 ictum
690 2688 796 2770 hasta,

62 2825 100 2888 in
117 2827 217 2908 jecur.
262 2823 388 2886 Cecidit
410 2823 470 2887 ille
489 2834 657 2903 extensum

64 2966 150 3020 totus
171 2955 299 3042 pulvere
322 2975 511 3043 conspersus
534 2965 594 3035 est,
617 2966 650 3018 et
671 2954 828 3018 remansit
849 2963 1004 3019 mortuos.

19 3140 20 3143 ,
65 3086 265 3170 Troglodyta
286 3085 401 3149 deinde
422 3085 534 3151 infixit
554 3086 703 3150 lanceam
980 3077 983 3081 ⁸

66 3220 103 3283 in
125 3227 234 3304 peetus
255 3215 413 3295 Pedonis,
435 3219 490 3298 qni
508 3221 752 3284 erat'robustns
769 3219 908 3302 juvenis.

68 3349 226 3415 Celeriter
247 3347 461 3429 exanimatus,
484 3358 517 3411 et
538 3363 681 3416 mortuus
703 3361 754 3414 est
770 3351 910 3434 juvenis,

69 3482 269 3546 tenebricosa
290 3499 378 3544 mors
400 3479 506 3568 ipsum
528 3481 614 3567 oepit
635 3481 812 3548 confestim.

70 3612 242 3679 Seutlaeus
264 3631 376 3677 eaesae
398 3622 458 3693 est,
479 3613 536 3694 qui
557 3622 629 3675 erat
649 3611 783 3680 honoris
804 3584 933 3699 magni}

70 3745 157 3810 hune
174 3743 284 3828 Jaeulo
306 3743 365 3807 ieit
385 3741 659 3825 Embasiehytrns.

73 3875 250 3956 Oeimides‚
271 3875 384 3938 videns
406 3886 566 3939 mortuum
588 3872 786 3951 Seutlaenm,

74 4026 269 4093 magnopere
291 4005 393 4090 ipsius
416 4027 526 4071 easum
548 4007 661 4089 doluit,
684 4009 972 4090 non'exspeetavit
992 4005 1146 4092 amplius3

69 4144 204 4224 juncum
225 4147 354 4202 acutum
376 4139 542 4220 quaesivit,
564 4109 663 4203 ictum
685 4138 780 4204 hasta
802 4155 955 4221 magnum

76 4269 206 4353 inflixit,
229 4280 262 4336 et
283 4270 445 4336 interiecit
466 4269 755 4355 Embasiehytrum.
