2700 4672
113 217 225 316 ‘ro

180 433 254 520 κρὸς
281 430 375 499 οὐδέν
402 433 468 498 ideo
495 433 550 499 roi>
578 433 710 517 tempori
735 426 776 496 rb
798 426 965 515 κανῶφλιν,
1003 437 1059 501 lib.
1088 436 1130 502 Π.
1155 458 1182 503 v.
1207 435 1282 502 454.

180 547 285 640 πάτερ,
305 551 407 635 ragio
427 552 522 621 οὐδέν
544 554 620 638 ε’χω,
641 549 768 639 adripe
789 549 972 642 νᾶγοράσω,
994 561 1048 624 ubi
1072 559 1191 624 Coraes
1212 581 1283 648 per-

181 682 346 768 spicuitati
366 682 522 746 studendo
551 683 693 746 scribere
716 683 849 747 debebat
874 675 901 741 ν’
926 672 1098 762 &obtimo
1121 673 1283 764 ἀγοράσω.

181 805 262 869 Ibid.
284 825 311 871 v.
335 801 410 870 457.
433 797 472 875 ἅς
493 789 587 886 elipe,
610 796 650 874 ἅς
671 792 728 864 ibo
749 796 780 864 τί
799 802 923 882 ordove,
950 795 1007 865 noti
1034 795 1116 886 roipoo
1143 795 1202 886 puo't
1222 826 1284 866 που

181 916 308 1004 φθάνω,
330 927 450 1010 inquo
472 897 566 991 uersu
586 928 678 1013 prius
700 925 940 990 hemistichium
963 929 1067 1012 magis
1082 928 1284 1014 perspicuum

182 1048 247 1112 erit
267 1049 316 1113 sio
337 1051 492 1136 scriptum
518 1035 558 1119 oio
580 1036 682 1131 ἔβγω,
704 1035 744 1119 ἃς
765 1035 821 1110 ἴδω
843 1041 874 1108 ri
893 1049 1010 1111 διδουν.
1059 1050 1171 1133 Neque
1200 1051 1286 1113 Zeni

180 1168 396 1258 Paraphrasis
408 1135 796 1253 Batrachomyomachiae
814 1170 996 1256 hujusmodi
1014 1172 1168 1259 exemplis
1185 1184 1283 1253 caret,

182 1303 219 1354 ut
230 1311 259 1355 v.
274 1291 326 1357 16.
343 1283 400 1356 καὶ
416 1282 451 1354 toi
468 1282 601 1375 πηγοῦνι
618 1281 653 1353 rb
666 1286 766 1374 ’βρεξε
776 1284 818 1374 ,ui
835 1280 934 1375 ὄρεξιν
949 1284 1092 1376 μεγάλη’,
1108 1314 1189 1358 vers.
1208 1291 1283 1357 114.

181 1397 225 1472 riu
236 1406 343 1497 θέλῃς,
358 1404 501 1497 νά’λξηῑς
513 1415 534 1479 i.
546 1437 574 1479 e.
594 1399 639 1477 voi
648 1403 754 1499 ἔλθῃς,
764 1437 846 1481 vers·
861 1410 1046 1497 eurupam
1060 1419 1081 1480 i.
1095 1438 1122 1479 e.
1140 1405 1181 1475 vd
1192 1404 1284 1497 εὕρω,

182 1536 306 1618 quibus,
328 1538 359 1602 si
382 1559 462 1626 opus
484 1550 578 1620 esset,
600 1539 722 1604 similia
744 1541 860 1603 addere
882 1559 1017 1626 possem.
1061 1537 1113 1602 Ex
1134 1536 1196 1601 bac
1215 1559 1284 1601 ver·

183 1659 295 1722 borum
316 1659 540 1744 inclinatione,
561 1671 598 1725 ut
619 1683 660 1726 ex
682 1661 792 1726 multis
815 1661 889 1725 aliis
911 1663 1005 1724 rebus
1027 1661 1178 1744 emergit,
1200 1672 1285 1723 vete·

181 1781 228 1844 rie
249 1780 381 1866 lingrrae
403 1782 588 1866 analogiam
616 1785 715 1849 arctis
744 1784 822 1847 olim
848 1781 967 1846 finibus
996 1784 1282 1869 circumscriptam,

184 1911 294 1987 utpote
321 1923 402 1984 quae
428 1902 484 1968 hic
511 1925 579 1970 non
605 1907 672 1971 nisi
700 1898 736 1971 in
758 1907 862 1969 verbis
885 1895 948 1985 εἰμὶ
969 1916 1001 1968 et
1023 1895 1103 1986 φημὶ
1125 1906 1283 1986 consistit,

183 2023 220 2086 in
242 2027 422 2092 recentiore
443 2025 507 2092 hac
529 2030 690 2093 interdum
710 2027 870 2091 latissime
891 2039 1011 2114 patere.

311 2138 356 2206 voi
376 2150 489 2216 vocula
516 2152 705 2239 multiplicis
730 2149 942 2234 significatus.
994 2150 1075 2214 Orto
1097 2161 1147 2215 est
1168 2171 1209 2213 ex
1230 2137 1286 2208 ἵνα

181 2277 335 2351 veterum,
358 2282 453 2354 atque
476 2273 572 2360 hujus
594 2284 786 2362 potestatem
807 2271 904 2337 habet
925 2271 987 2336 hoc
1009 2293 1102 2336 versu
1123 2274 1159 2335 in
1180 2273 1285 2335 verbis

181 2378 225 2450 voi
246 2389 312 2471 μοῢ
332 2380 500 2477 πουλήσῃς,
522 2406 559 2461 ut
580 2397 662 2461 mihi
684 2398 813 2461 vendas.
850 2395 955 2458 Porro
973 2395 1221 2458 demonstrativa
1235 2396 1285 2458 vis

181 2512 213 2576 ei
236 2515 397 2598 tribuitur,
419 2529 465 2600 ut,
489 2539 586 2604 quum
609 2521 719 2583 dicunt
739 2504 783 2576 νά
803 2533 837 2575 ro
858 2534 900 2578 en
921 2511 985 2576 tibi
1006 2512 1080 2578 boc.
1124 2513 1200 2577 Vid.
1222 2514 1285 2578 Co·

181 2654 272 2699 roem
299 2638 341 2702 ad
368 2639 601 2728 Ptochoprodr.
634 2660 710 2728 pag.
739 2636 831 2718 103,
866 2638 921 2726 qui
951 2635 1014 2701 hac
1046 2636 1285 2721 significatione

179 2759 277 2823 istam
297 2763 492 2848 particulam
513 2768 553 2828 ab
576 2764 707 2845 antiquo
729 2750 790 2834 riui,
812 2759 897 2823 unde
919 2770 952 2821 et
966 2758 1158 2823 Latinorum
1172 2779 1213 2823 en
1228 2759 1284 2822 ilu-

180 2882 282 2963 xerit,
310 2884 464 2949 deducere
492 2898 634 2949 conatur.
685 2881 849 2962 Frequens
871 2893 1038 2967 praeterea
1060 2887 1129 2965 ejus
1152 2902 1226 2945 usus
1248 2882 1285 2944 in

180 3005 489 3089 interrogationibus
511 3017 570 3087 est,
593 3007 640 3068 ita
663 3017 784 3085 tamen,
812 3015 937 3067 utnon
959 3015 1026 3068 tam
1048 3007 1120 3092 ipsa
1148 3007 1284 3068 interro·

180 3128 309 3210 gativae
330 3127 507 3214 particulae
528 3127 597 3189 vioe
619 3127 783 3210 iungatur,
805 3145 901 3208 quam
919 3147 1110 3214 praegressa
1126 3125 1284 3213 particula

180 3248 415 3329 interrogativa
436 3249 617 3312 sententiae
639 3250 761 3333 aliquid
783 3251 1005 3335 ambiguitatis
1028 3251 1126 3313 addat
1141 3271 1169 3313 v.
1187 3271 1213 3310 c.
1229 3238 1285 3306 δὲυ

179 3357 307 3445 ἡξεύρω,
328 3357 429 3436 ruinart
448 3358 492 3427 udo
512 3361 601 3450 λάβω
623 3361 678 3446 rip)
699 3365 810 3464 βίβλον
830 3363 947 3447 ταύτην
966 3366 1089 3444 nesciO,
1101 3365 1284 3432 audebunt·

179 3483 300 3549 librum
308 3486 463 3554 nancisci
469 3512 599 3577 queam.
612 3492 671 3558 Sic
684 3496 802 3560 dicitur
811 3495 874 3565 πῶς
883 3485 926 3553 voi
937 3480 1012 3571 ἔχῃς
1021 3511 1100 3554 vers.
1117 3489 1170 3554 56.
1182 3490 1283 3554 Para-

176 3600 865 3700 phr.Bat.etdboaixerioduot'opvers.129.
880 3615 928 3678 Cf.
936 3612 1071 3679 Rusiad.
1078 3612 1132 3675 Gr.
1139 3613 1230 3674 Tom.
1239 3612 1283 3676 ll.

176 3751 207 3816 p.
215 3729 302 3812 203,
311 3753 331 3796 a
339 3753 399 3815 quo
407 3746 515 3800 tamen
520 3739 686 3824 paululum
697 3740 863 3805 dissentio.
879 3737 993 3820 Longe
1005 3735 1070 3798 alia
1082 3733 1177 3817 hujus
1190 3756 1283 3798 vocu-

176 3851 227 3914 lae
239 3855 288 3917 vis
301 3867 359 3934 est,
378 3876 439 3937 qua
451 3880 510 3943 pro
525 3846 567 3921 oio
579 3861 733 3937 δυνητικῷ
742 3872 883 3923 veterum
898 3858 975 3920 olim
989 3859 1179 3944 ponebatur,
1203 3877 1284 3938 quae

176 3974 304 4054 quidem
325 3997 377 4040 res
399 3980 524 4045 videtur
545 3983 726 4045 Hermanni
749 3985 969 4064 conjecturam
993 3981 1028 4043 in
1051 3982 1126 4043 diss.
1142 3979 1181 4041 de
1197 3989 1282 4062 part

175 4080 219 4155 ‹iio›
239 4097 294 4162 lib.
310 4099 336 4163 Ι.
361 4121 429 4187 cap·
447 4101 476 4163 1.
500 4102 616 4187 Opusc.
635 4102 695 4168 IV.
718 4124 792 4189 pag.
817 4100 847 4166 4.
869 4105 1079 4188 propositam,
1102 4088 1143 4160 rio
1158 4121 1198 4162 ex
1215 4092 1281 4158 oica

177 4230 282 4286 ortum
304 4243 390 4298 esse,
413 4220 495 4286 satis
518 4221 720 4290 confirmare.
772 4226 848 4289 Non
877 4225 963 4288 enim
993 4247 1034 4289 ex
1055 4210 1098 4283 do
1120 4221 1193 4286 fieri
1214 4235 1284 4308 pot-
