2700 4672
1171 229 1237 302 135

131 425 168 480 nt
197 413 253 479 lric
281 415 391 479 Zenus
419 406 532 496 ῥίμνην
560 416 729 496 scriberet,
757 436 837 499 quae
865 438 928 483 vox
949 421 1083 486 eundem
1106 425 1232 506 quidem

130 557 242 603 versus
263 539 385 602 exitum
406 541 539 625 praebet
561 533 653 620 quem
675 530 804 620 λίμνην,
832 542 888 604 sed
911 563 931 606 a
952 547 1112 610 sententia
1134 547 1230 633 pardo

129 658 270 726 alienior
291 672 351 725 est.
397 660 555 748 Appellat
569 673 802 726 autem'noster
819 654 940 743 ρίμνην,
961 679 1131 754 propterea
1145 669 1230 750 quod

127 784 160 848 ei
179 775 293 865 λίμνην
314 785 459 871 opponit,
481 791 612 848 terram
633 783 858 869 continentem
875 785 926 850 vel
943 791 1074 854 omnino
1087 797 1227 855 terrum.

127 906 269 972 Proinde
292 905 426 970 Crusius
449 927 516 970 non
538 910 619 971 bene
642 910 781 972 reddidit
803 910 868 972 ista
890 911 986 974 verba
1004 897 1103 994 ἔφυγε
1120 907 1157 974 ἐκ
1172 898 1227 988 adv

125 1020 237 1109 ῥῖμνην
248 1025 351 1116 sugit
372 1048 391 1093 e
413 1025 488 1094 vico
510 1029 757 1096 retentatione:
785 1030 940 1095 vertenda
961 1033 1049 1097 enim
1074 1045 1150 1098 sunt
1162 1031 1226 1122 su-

121 1147 175 1238 git
195 1171 216 1217 e
236 1159 344 1216 terro.
494 1138 496 1145 ’

255 1273 298 1337 V.
323 1273 399 1339 372.
442 1264 593 1354 excrucior
615 1274 755 1361 explicui
778 1276 819 1339 ad
841 1297 922 1340 vers·
946 1274 1022 1341 223.
1050 1311 1094 1325 -
1124 1264 1226 1358 ἕρῤηξε

123 1416 192 1461 aor.
216 1398 303 1460 verbi
326 1397 516 1461 recentioris
538 1387 644 1475 ρήχικο
670 1397 721 1461 vel
742 1384 858 1475 ρἧνω,
881 1398 962 1479 quod
991 1399 1103 1466 eodem
1131 1402 1224 1464 modo

122 1540 165 1584 ex
186 1509 322 1602 ῥήγνυμι
343 1530 380 1583 ut
400 1512 516 1591 δείχνω
538 1540 580 1591 ex
595 1511 739 1599 δείκνυμι
757 1521 927 1582 formatum
942 1532 1000 1585 est·
1033 1519 1101 1586 Sed
1116 1542 1224 1604 quam·

122 1643 171 1706 ris
194 1643 305 1705 eadem
327 1640 480 1725 analogia
500 1642 537 1705 in
560 1639 613 1704 his
635 1643 739 1705 verbis
761 1643 821 1723 sit,
844 1642 952 1706 differt
979 1653 1088 1708 tamen
1119 1634 1224 1722 ῥὴχνω

122 1765 155 1828 vi
176 1776 209 1827 et
229 1775 388 1852 potestate
410 1784 431 1829 a
451 1775 593 1829 veterum
615 1753 759 1846 &pompe
791 1763 922 1830 Etenim
934 1768 993 1829 sub
1009 1767 1105 1829 verbo
1118 1754 1224 1843 ρήχνω

121 1885 238 1952 eedem'
260 1907 347 1951 nunc
376 1889 538 1953 sententia
565 1890 708 1971 subjecta
736 1899 800 1966 est,
823 1908 904 1971 quae
925 1890 984 1951 sub
1006 1879 1114 1967 ρίπτω,
1142 1907 1223 1969 quae

119 2029 173 2074 res
194 2011 323 2074 induxit
343 2011 528 2092 nonnullos,
552 2023 588 2074 ut
609 2011 693 2074 mele
716 2013 895 2076 scriberent
915 2002 1031 2090 diuvo,
1053 2010 1223 2097 opinantes

119 2131 253 2212 scilicet,
277 2134 360 2213 quod
383 2134 527 2218 ineptum
549 2145 614 2212 est,
637 2131 733 2216 hujus
754 2134 926 2198 locutionis
954 2133 1081 2197 natales
1110 2134 1150 2196 ab
1178 2123 1223 2210 ῥί-

119 2271 203 2314 πτειν
218 2254 323 2342 repeti
341 2255 464 2318 dehere.
493 2255 564 2318 Hoc
586 2255 686 2338 igitur
707 2243 812 2334 ρήχνω
835 2275 893 2340 pro
910 2254 974 2316 loci
990 2265 1106 2317 natura
1113 2249 1223 2338 jacie,

119 2373 280 2471 conficio,
309 2372 435 2463 obsicio
461 2376 544 2440 verti
569 2387 685 2468 potest.
743 2375 793 2439 ct
824 2374 899 2439 Cor.
929 2370 1044 2436 ’Arcen
1072 2377 1165 2438 Tom.
1187 2375 1232 2440 lIx

118 2521 150 2588 p.
173 2498 249 2565 319.
273 2532 316 2550 -
340 2489 480 2575 ἀπήδησε
507 2518 575 2562 aor.
598 2498 663 2560 ind.
688 2499 775 2561 verbi
797 2489 922 2573 ἀπηδῶ,
949 2515 1010 2578 quo
1039 2497 1151 2582 vulgus
1172 2499 1222 2562 uti

118 2621 202 2687 solet
229 2642 288 2708 pro
317 2618 419 2697 πηδῶ,
450 2621 534 2701 quod
565 2621 742 2718 antiquam·
764 2618 1040 2703 significationem
1074 2621 1219 2683 retinuit.

120 2744 215 2820 Quod
236 2745 394 2826 reliquum
419 2754 478 2823 est,
501 2764 525 2802 α
547 2745 583 2805 in
605 2735 716 2818 ἀπηδῶ
737 2740 818 2804 illud
840 2761 910 2804 esse
931 2752 1031 2827 patet,
1054 2742 1137 2823 quod
1155 2742 1222 2806 sive

119 2865 343 2954 euphonicum‚
373 2867 441 2930 sive
470 2865 715 2951 phantasticum,
743 2882 858 2927 vocare
883 2862 971 2944 licet,
1002 2863 1094 2946 quala
1115 2875 1165 2928 est
1186 2864 1222 2927 in

118 2976 275 3067 ἄσταχυς,
295 2981 452 3069 ἅσπαίρω,
467 2977 787 3069 &respond-aliisque
810 2986 950 3068 antiquis
972 2987 1113 3067 vocibus,
1143 3003 1220 3069 qua·
1242 3055 1245 3059 ⁴
1282 3063 1283 3068 ἵ

118 3131 190 3175 rum
211 3111 283 3176 loco
305 3123 338 3174 et
359 3101 493 3186 στάχυς,
515 3102 647 3189 oedipo,
670 3097 800 3189 στεροπή
822 3109 1036 3193 reperiuntur.

250 3232 294 3295 V.
317 3231 392 3297 373.
438 3220 578 3290 oaordvo
606 3224 793 3317 interficio,
815 3226 943 3293 occido.
995 3227 1054 3296 sic
1070 3233 1141 3316 jam
1162 3227 1222 3294 Nl-

119 3368 205 3422 cetas
226 3357 263 3420 in
285 3356 374 3420 Man.
397 3354 453 3418 lib.
476 3353 497 3419 6
520 3373 606 3417 num.
631 3351 652 3418 lt
674 3348 704 3415 οἱ
724 3343 760 3414 δὲ
781 3349 890 3414 τοῦτον
911 3341 1126 3431 σκοτῶσαυνες
1145 3343 1222 3431 Πέρ.

117 3500 184 3542 σαι.
227 3479 362 3545 Nemini
384 3480 514 3544 dubium
536 3479 638 3542 videri
659 3488 781 3564 potest,
803 3476 882 3558 quin
904 3464 1044 3536 ermedeo
1070 3476 1110 3538 ab
1137 3473 1221 3536 anti·

118 3623 251 3688 quorum
278 3604 374 3666 verbo
402 3588 523 3660 σκοτὸω
552 3598 760 3661 derivandum
781 3597 833 3659 sit.
886 3595 981 3672 Quod
1009 3594 1086 3657 licet
1107 3589 1221 3656 obscu-

117 3723 223 3791 randi
245 3745 284 3790 ac
305 3733 473 3812 praeterea
496 3716 664 3805 vertigine
691 3713 882 3804 occupandi
907 3717 1072 3779 notionem
1094 3713 1222 3792 lrabeat,

117 3862 227 3915 tamen
249 3847 343 3911 lacile
364 3843 575 3933 perspicitur,
599 3841 756 3925 quomodo
778 3839 940 3902 recentior
961 3837 1157 3922 significatio
1180 3859 1222 3902 ex

118 3971 301 4054 antiquiore
323 3970 403 4033 oriri
425 3966 575 4053 potuerit.
615 3963 803 4028 Tenendum
820 3962 929 4043 etiam,
945 3961 1027 4045 quod
1040 3959 1222 4044 Hesychius

118 4096 181 4160 ait:
205 4082 326 4171 Endroc,
349 4076 490 4171 ὄλεθρος,
512 4075 660 4158 θάνατος.
708 4086 759 4151 Cl.
782 4086 898 4150 Coreis
918 4077 1037 4146 Ἀτακν.
1059 4084 1149 4149 Tom.
1173 4077 1221 4146 IV

118 4237 150 4303 p·
173 4213 248 4282 518.
