2700 4672
121 214 232 268 XXXlV

125 385 283 488 singulae
307 383 528 485 provinciae,
559 380 624 455 sed
650 381 756 454 etiam
788 379 1002 482 singularum
1033 380 1252 481 provincia-⁷

125 546 203 596 rum
228 526 350 619 partes
375 513 663 617 pronuntiatione
687 512 861 586 differant.
917 513 1033 586 Tanta
1066 513 1232 588 nimirum

126 651 306 726 hominum
332 647 530 748 perlatum
556 656 729 719 terrarum
754 643 876 717 orbem
913 643 1147 719 habitantium
1182 644 1235 719 di·

126 783 278 864 versitas
305 790 371 869 est,
396 789 437 853 ut
461 778 564 878 pauci
588 786 726 851 tantum
752 775 979 853 inveniantur
1003 787 1041 852 et
1057 778 1233 878 ingeniosi

36 1004 39 1009 ,
128 927 166 990 et
190 913 380 1017 praecipue
405 909 449 983 ad
475 908 566 982 hunc
588 900 665 983 rem
690 919 853 984 anatura
869 907 963 996 sacti,
987 909 1049 1008 qui
1064 909 1145 987 viva
1160 936 1235 984 ma-

130 1045 233 1149 gistri
258 1069 347 1120 voce
373 1041 491 1115 edocti
520 1042 570 1115 ita
595 1042 860 1142 peregrinarum
895 1036 1093 1141 linguarum
1124 1067 1233 1117 sonos

130 1177 260 1254 imitari
285 1175 409 1263 sciant,
434 1182 475 1246 ut
500 1172 641 1247 dillicile
666 1172 716 1247 sit
739 1196 803 1247 eos
834 1172 879 1245 ab
903 1171 1080 1272 indigenis
1110 1173 1234 1249 distin·

12 1300 16 1307 ’
130 1334 249 1412 guare.
290 1298 403 1405 ’Quae
429 1330 539 1405 quum
564 1305 614 1378 ita
638 1305 721 1394 sint,
745 1303 840 1377 nulla
865 1304 963 1379 salus
997 1306 1144 1405 antiquo
1168 1306 1235 1379 lin-

92 1443 98 1457 ”
131 1465 220 1542 gnae
243 1438 404 1514 Graecae
428 1436 671 1538 pronuntiatui
688 1459 731 1510 ex
745 1436 855 1511 latino
875 1462 1040 1511 sermone
1057 1437 1235 1537 speranda

130 1583 198 1662 est,
222 1574 323 1670 cujus
350 1569 565 1670 singularum
589 1568 785 1644 litterarum
810 1568 962 1668 prolatio
980 1578 1017 1643 et
1031 1568 1151 1669 ignota
1170 1569 1235 1643 ho-

130 1704 189 1778 die
214 1714 252 1777 et
275 1704 422 1802 antiquo
448 1725 535 1777 aevo
560 1704 629 1799 jam
655 1699 721 1774 alia
745 1700 823 1775 aliis
847 1700 936 1776 locis
954 1699 1096 1776 videtur
1112 1700 1234 1777 luisse.

131 1835 187 1909 Ac
211 1834 371 1934 prolecto
397 1858 637 1933 supervacuae
660 1831 752 1906 tales
776 1844 862 1908 sunt
878 1838 1116 1933 quaestiones,
1139 1833 1172 1908 si
1189 1832 1234 1908 de

55 2040 63 2056 ,
132 1988 259 2064 graeco
273 1989 436 2040 sermone
449 1964 573 2064 agitur,
582 1966 682 2062 cujus
695 1964 787 2041 avita
796 1965 1036 2065 pronuntiatio
1043 1967 1233 2066 peromnia

131 2095 271 2171 saecula
284 2098 327 2170 ab
339 2095 400 2170 illo
412 2095 544 2197 populo
557 2105 695 2171 retenta
710 2105 775 2186 est,
787 2106 828 2171 ut
839 2106 1001 2171 accurata
1008 2106 1169 2174 veterum
1182 2099 1235 2172 in-

131 2227 364 2327 scriptionum
376 2228 685 2329 pervestigatione,
699 2228 1003 2329 grammaticorum
1014 2228 1235 2331 aliorumque

132 2369 315 2433 auctorum
327 2358 543 2434 testimoniis
557 2369 595 2434 et
607 2360 764 2460 analogia
777 2358 918 2458 linguae
931 2359 1113 2438 evincitur.
1139 2362 1235 2437 Ana-

130 2489 259 2591 logiam
274 2514 350 2564 eam
361 2489 452 2580 dico,
467 2490 1039 2594 quaeperuniversamlingoamet
1050 2492 1234 2593 antiquam

131 2630 168 2695 et
174 2621 407 2695 recentiorem
417 2632 524 2722 patet
541 2622 659 2724 Quam
673 2623 736 2724 qui
748 2624 927 2725 cognitam
936 2623 1046 2699 habet
1055 2624 1234 2725 simulque

131 2751 298 2826 diuturno
322 2777 402 2826 eum
424 2753 570 2831 Graecis
591 2756 756 2833 convicto
777 2755 1039 2852 multorumque
1060 2779 1234 2831 annorum

130 2881 251 2957 studio
263 2883 301 2955 in
312 2883 471 2984 legendis
485 2887 641 2988 antiquis
655 2910 697 2960 ac
703 2883 906 2959 recentibus
914 2883 1133 2959 Graecorum
1145 2888 1233 2962 scri·

129 3013 290 3112 ptoribus
305 3015 475 3092 collocato
489 3043 602 3117 aeque
614 3026 805 3114 utrumqne
818 3040 1019 3090 sermonem
1033 3016 1171 3093 discere
1183 3018 1232 3093 la·

127 3143 283 3245 boravit,
317 3148 376 3222 ille
407 3149 464 3224 his
496 3148 638 3222 Erasmi
669 3149 848 3222 erroribus
879 3157 1048 3249 tanquam
1078 3149 1231 3235 vinculis

113 3276 266 3353 ¹solutus
292 3256 329 3354 et
354 3280 456 3380 quasi
481 3279 518 3351 in
542 3277 742 3354 libertatem
766 3279 983 3371 vindicatus,
1014 3291 1055 3355 ut
1084 3281 1230 3357 tandem

127 3407 316 3509 aliquando
340 3409 463 3483 fictitia
487 3408 577 3483 haec
600 3412 842 3511 pronuntiatio
867 3418 912 3486 eu
933 3411 1096 3486 omnibus
1114 3411 1230 3489 Euro-

123 3566 192 3640 pae
210 3540 349 3616 'scholis
374 3548 412 3613 et
434 3537 638 3618 Academiis
664 3545 811 3638 exsulet,
835 3545 1007 3620 bonarum
1030 3542 1230 3622 litterarum

124 3697 231 3746 causa
255 3671 364 3744 debet
388 3681 522 3771 optare,

268 3800 359 3875 Post
382 3801 479 3894 haec,
514 3831 605 3905 quae
636 3808 830 3914 generatim
861 3806 907 3880 de
933 3807 1112 3906 conjuncti
1139 3810 1229 3885 anti-

122 3954 214 4028 quae
239 3939 276 4005 et
299 3956 413 4009 novae
444 3935 658 4015 Graecitatis
690 3931 799 4015 studii
829 3938 982 4014 utilitate
1013 3966 1054 4014 ac
1086 3940 1131 4014 de
1160 3941 1228 4014 lin-

120 4085 210 4159 guae
245 4088 391 4165 graecae
427 4070 714 4168 pronuntiatione
740 4045 828 4163 diii,
865 4082 1010 4147 transeo
1046 4072 1091 4146 ad
1127 4083 1226 4148 certa

99 4192 330 4294 scriptorum
355 4225 495 4301 genera,
520 4204 565 4278 ad
591 4230 682 4305 quos
708 4231 789 4281 cum
813 4204 931 4284 fructu
967 4214 1003 4280 et
1021 4206 1106 4282 sine
1132 4204 1224 4280 dilli-
