2700 4672
115 239 151 288 t'l

118 407 184 480 bac
209 405 255 479 ad
274 400 789 518 ¹intelligendas'posteriorum
815 412 1026 504 temporum,
1053 408 1223 505 quamdiu

117 538 194 626 luit,
220 535 435 610 mutationes
467 546 614 611 utamur.
669 534 793 634 Quum
823 546 940 611 autem
971 539 1049 638 ipsa
1081 539 1138 612 illa
1165 541 1225 615 lux

119 668 215 743 haud
244 693 325 741 raro
355 666 454 743 velut
490 667 592 743 stella
629 667 784 740 nubibus
823 679 986 743 contecta
1026 681 1224 762 evanescat,

119 798 274 899 ideoque
299 799 365 873 alia
392 824 481 899 opus
508 802 556 872 sit
579 799 675 887 luce,
705 823 753 870 ne
784 799 897 900 caligo
931 802 1078 890 oriatur,
1116 803 1224 877 multa

121 932 228 1004 etiam
253 930 298 1005 ad
321 929 481 1004 florentis
506 929 646 1030 linguae
672 938 804 1003 statum
821 932 1106 1033 perspiciendum
1124 963 1225 1035 prac-

121 1063 211 1137 sidia
242 1063 286 1134 ab
316 1061 360 1135 iis
393 1062 615 1161 temporibus
646 1040 721 1160 peti
753 1072 905 1160 queunt,
943 1064 1073 1163 quibus
1107 1093 1225 1141 sermo

120 1194 179 1268 ille
205 1196 274 1292 jam
299 1192 345 1266 ad
368 1192 550 1266 interitum
574 1219 722 1294 vergere
747 1193 804 1268 vel
829 1205 961 1268 mutata
987 1195 1098 1297 figura
1123 1198 1226 1297 quasi

122 1335 207 1426 post
231 1324 301 1399 sata
326 1325 541 1401 reviviscere
567 1325 694 1425 coepit.
743 1323 848 1423 Quae
868 1328 899 1400 si
915 1354 998 1402 vera
1018 1339 1111 1418 sunt,
1129 1330 1227 1402 subit

122 1456 283 1559 prolecto
308 1457 438 1546 mirari,
463 1484 527 1530 cur
551 1456 635 1530 licet
658 1455 758 1530 multi
782 1459 1012 1557 reperiantur,
1031 1462 1092 1558 qui
1109 1461 1146 1532 in
1163 1461 1227 1532 im·

122 1587 332 1664 mortalibus
357 1590 525 1688 antiquae
549 1587 722 1662 Graeciae
739 1590 976 1663 monumentis
1001 1601 1227 1688 perscrutan-

123 1720 179 1796 dis
205 1747 350 1820 operam
375 1730 483 1820 atque
508 1719 718 1796 industriam
749 1717 940 1807 collocent,
971 1723 1076 1819 pauci
1106 1731 1224 1795 tamen

124 1851 198 1926 siut
221 1849 278 1928 rel
310 1877 352 1925 ea
375 1851 506 1946 laboris
532 1852 700 1952 patientia
731 1849 883 1949 praediti
912 1850 968 1953 ael
1001 1851 1076 1928 veri
1107 1831 1226 1927 studio

123 1983 172 2056 ita
196 1982 396 2082 flagrantes,
421 1994 462 2058 ut
486 1995 629 2084 praeter
652 1980 867 2056 admirabilia
892 1959 1077 2081 poetarum
1104 1996 1141 2058 et
1164 2012 1227 2085 pe-

124 2115 256 2191 destris
282 2116 453 2191 orationis
478 2117 692 2216 scriptorum
717 2139 840 2213 opera,
871 2113 907 2186 iu
935 2116 1063 2214 quibus
1095 2116 1227 2190 liberae

124 2246 297 2322 Graeciae
322 2225 407 2322 aura
432 2257 469 2325 et
494 2248 641 2347 spiritus
666 2269 734 2319 nos
760 2241 864 2334 asflat,
891 2272 931 2319 ea
958 2273 1103 2346 quoque
1128 2276 1229 2348 prae·

125 2379 293 2453 stantium
333 2379 556 2480 ingeniorum
589 2377 722 2476 scripta
758 2374 894 2476 legant,
936 2405 1027 2478 quae
1063 2379 1236 2454 citeriora

125 2510 264 2583 saecula
291 2521 328 2586 et
352 2521 474 2586 nostra
507 2509 612 2582 etiam
636 2509 805 2581 memoria
837 2509 931 2608 apud
963 2508 1121 2584 Graecos
1147 2537 1229 2610 pro·

113 2641 294 2731 tulerunt.
342 2642 416 2725 Est
430 2640 573 2741 quidem
588 2640 788 2737 jucundius
802 2639 911 2716 libros
930 2640 1133 2741 eloquentia
1150 2669 1229 2717 ver·
1263 2716 1267 2721 ,

124 2773 325 2875 borumque
347 2771 539 2847 luminibus
569 2773 867 2849 commendabiles
892 2770 949 2847 vel
975 2772 1136 2871 poeticae
1160 2773 1230 2847 vir-

125 2907 213 2982 tutis
240 2905 344 2980 laude
374 2903 534 3004 insignes
567 2918 672 2979 manu
702 2929 862 2993 versare,
894 2929 1001 3002 quam
1026 2902 1133 2993 alioS,
1167 2905 1229 3003 qui

126 3038 244 3112 minus
270 3037 446 3112 sermonis
470 3037 593 3111 'nitore
624 3035 808 3136 conspicui
833 3044 935 3122 sunt,
960 3036 1170 3135 praesertim
1196 3035 1229 3109 si

126 3170 290 3259 sciamus
300 3156 337 3240 iu
349 3166 405 3243 bis
413 3165 522 3245 multa
535 3166 885 3266 inveniridepravata
900 3176 937 3276 et
944 3166 1077 3268 quaein
1088 3166 1132 3240 iis
1147 3167 1231 3240 emi-

125 3310 234 3375 neant
245 3324 405 3400 magnam
413 3309 549 3398 partem
563 3300 732 3374 imitando
747 3298 1058 3398 esseexpressa,in
1067 3296 1135 3370 illis
1145 3324 1230 3371 vero

128 3432 245 3505 omnia
254 3429 366 3504 selicis
380 3439 527 3504 naturae
541 3442 578 3504 et
588 3431 793 3506 excellentis
804 3430 978 3531 ingeniivi
987 3430 1130 3505 inventa
1139 3454 1231 3519 esse,

127 3563 178 3636 ita
203 3571 244 3636 ut
268 3570 412 3635 aeterua
438 3562 513 3636 sint
538 3561 708 3661 exempla,
734 3563 771 3635 iu
797 3588 888 3662 quae
913 3561 1079 3636 universa
1110 3571 1232 3661 poste·

127 3693 214 3765 ritas
249 3689 379 3765 debeat
408 3693 549 3767 intueri.
604 3694 924 3769 Verumenimvero
958 3718 1081 3764 manca
1113 3702 1171 3765 est
1196 3702 1233 3766 et

128 3820 335 3920 imperfecta
359 3822 501 3925 linguae
527 3851 673 3925 graecae
699 3825 864 3914 scientia,
890 3850 982 3923 quae
1007 3822 1231 3922 pervolutan-

130 3950 186 4026 dis
213 3953 301 4041 solis
313 3978 448 4041 ,eorum
475 3955 689 4054 scriptorum
716 3955 815 4030 libris
842 3965 1075 4054 comparatur,
1102 3955 1231 4052 quibus

132 4085 288 4160 nativam
321 4086 488 4161 dictionis
527 4085 738 4187 elegantiam
778 4096 814 4160 et
844 4096 1070 4160 venustatem
1106 4086 1232 4159 merito

125 4215 323 4294 tribuimus.
370 4217 457 4296 Non
488 4217 582 4291 enim
615 4218 652 4290 in
684 4242 806 4290 eorum
838 4215 1080 4292 voluminibus
1115 4216 1231 4293 omnis
